3456 5386
584 593 620 651 27
639 582 768 639 mms
788 582 857 652 1566
1260 581 1300 640 83

105 733 163 799 alle
178 733 249 799 due
264 734 388 801 lettere
403 732 447 801 de
462 733 508 802 V.
527 731 583 802 P.:
601 733 626 800 li
641 733 716 801 altn'
733 733 844 821 punti,
863 755 901 803 se
916 737 961 803 ad
980 735 1129 804 alchano
1150 757 1220 803 non
1240 734 1269 802 si
1289 738 1334 804 ha

108 847 260 935 risposto,
278 849 308 915 si
324 849 398 916 lara
412 847 494 916 nell'
512 850 609 916 altra.

169 986 203 1050 9.
252 963 362 1032 Come
376 966 424 1031 ho
439 964 543 1031 serito
559 966 644 1032 altra
659 966 756 1033 uolta
771 987 791 1033 a
807 967 851 1035 V.
876 967 933 1048 P.,
955 965 989 1034 io
1008 969 1145 1035 haueuo
1165 966 1334 1034 chiamato

111 1079 140 1144 al
154 1079 194 1146 P.
214 1079 375 1160 Hermes,
392 1078 418 1145 il
432 1080 534 1164 quale
549 1099 663 1147 aenne
678 1080 793 1147 subito
808 1081 899 1168 dopo
921 1083 1060 1168 pascha,
1083 1091 1118 1148 et
1137 1079 1184 1148 mi
1204 1079 1334 1149 ritroud

113 1193 309 1277 inDilinga,
327 1205 363 1264 et
378 1193 501 1264 adoeso
516 1207 569 1264 sta
584 1195 643 1284 girl
657 1198 820 1264 acordato
836 1199 901 1266 che
914 1199 960 1264 ha
971 1198 1016 1264 da
1027 1195 1202 1284 predicare
1213 1196 1249 1262 in
1260 1198 1335 1264 loco

114 1309 164 1379 del
179 1313 223 1377 P.
246 1309 398 1392 Canisio,
416 1309 442 1376 il
456 1312 557 1396 quale
573 1319 626 1379 sta
637 1323 804 1399 occupato
816 1312 852 1378 in
865 1311 1055 1399 risponder'
1069 1333 1149 1378 aun
1160 1311 1247 1378 libro
1258 1315 1335 1380 the-

115 1425 210 1494 desco
222 1428 276 1492 ch'
292 1427 315 1492 il
326 1435 430 1492 conte
441 1426 590 1513 palatino
601 1427 755 1508 elettore,
767 1427 802 1494 in
817 1447 864 1494 un
876 1429 1046 1496 banchete
1057 1429 1121 1494 che
1134 1427 1208 1493 fece
1224 1425 1336 1511 questi

117 1539 220 1626 giomi
234 1542 324 1627 dopo
339 1543 468 1627 pascha
483 1561 504 1608 a
519 1541 599 1608 tutti
615 1541 639 1608 li
655 1541 812 1628 principi,
830 1553 865 1610 et
880 1541 1052 1624 catholici,
1070 1553 1104 1610 et
1120 1540 1334 1628 protestanti,

118 1655 206 1724 olleri
221 1677 240 1722 a
256 1653 336 1722 turri
357 1657 445 1723 loro.
472 1657 499 1722 Il
520 1657 620 1724 Rmo.
643 1657 679 1722 d'
701 1659 864 1744 Augusta
883 1679 952 1724 non
974 1658 1008 1723 lo
1031 1657 1156 1724 uoleua
1177 1647 1333 1742 pigliare,

119 1769 253 1838 dicendo
265 1773 330 1840 che
342 1791 414 1838 non
424 1773 548 1858 legeua
559 1771 673 1861 questi
683 1771 772 1852 libri,
787 1793 843 1839 nra
855 1773 998 1841 lacendo
1010 1770 1171 1838 instantia
1183 1769 1207 1835 il
1218 1781 1332 1849 conte,

122 1886 153 1952 lo
166 1885 264 1973 piglib
281 1887 507 1972 prometendo
521 1889 586 1955 che
600 1889 737 1956 haueua
751 1883 787 1952 di
808 1887 1019 1974 rispondere,
1041 1895 1076 1954 et
1096 1888 1161 1954 che
1184 1884 1232 1951 lui
1255 1906 1336 1971 pro·

125 2013 254 2070 menese
268 2002 303 2068 di
319 2002 462 2089 leggere
477 2004 509 2068 la
525 2001 684 2089 risposta3
703 2013 738 2069 et
758 2001 832 2069 cosi
848 2003 885 2069 lu
901 1991 1064 2070 contento
1079 2001 1104 2066 il
1119 2010 1232 2082 conte,
1253 2011 1288 2066 et
1314 1999 1337 2066 il

127 2117 282 2184 cardinale
310 2120 344 2184 fa
371 2118 491 2205 grand’
514 2117 676 2186 instantia
703 2121 768 2186 che
788 2118 817 2184 si
837 2117 1009 2204 risponda,
1033 2116 1058 2182 il
1078 2119 1141 2182 che
1162 2116 1218 2184 nel
1236 2137 1338 2183 nome

127 2232 175 2300 del
187 2233 328 2318 signore
344 2232 373 2300 si
389 2235 409 2300 d
424 2233 665 2301 incominciato
683 2256 705 2300 a
726 2233 808 2314 fare,
827 2253 893 2299 con
913 2233 946 2298 la
966 2229 1143 2319 diligentia
1163 2229 1335 2317 possibile,

128 2351 187 2414 ete
205 2371 249 2415 un
269 2349 355 2416 libro
376 2348 400 2414 il
421 2349 480 2436 piri
499 2349 681 2436 pestilente
702 2358 739 2415 et
758 2348 924 2415 infernale
944 2349 1008 2416 che
1028 2350 1056 2414 s'
1079 2348 1098 2413 ὲ
1119 2348 1204 2412 fatto
1225 2344 1337 2412 insino
1374 2331 1376 2336 ’

130 2465 245 2531 adorco.

191 2600 239 2647 ιο.
290 2581 317 2648 Il
338 2584 379 2650 P.
402 2582 579 2668 Stephano
599 2580 735 2648 Liberio
760 2583 767 2614 ¹
791 2579 879 2666 parti
900 2577 986 2647 hieri
1007 2589 1023 2622 ⁸
1041 2578 1063 2644 l'
1088 2577 1175 2642 altro
1199 2597 1259 2661 per
1283 2575 1338 2640 ln-

133 2700 251 2780 spruch,
269 2699 392 2764 stando
407 2697 513 2763 molto
528 2697 617 2764 male
632 2696 690 2762 del
705 2717 770 2762 suo
783 2705 916 2762 catarro
932 2704 967 2762 et
982 2704 1089 2780 petto,
1104 2690 1229 2779 perche
1240 2693 1285 2755 ha
1296 2689 1340 2754 da

134 2813 241 2880 andare
256 2815 287 2879 la
302 2835 350 2880 un
367 2811 501 2880 medico
517 2824 724 2899 augustano,
742 2833 802 2898 per
825 2813 936 2877 sanar’
959 2810 993 2876 la
1012 2806 1133 2895 regina
1152 2808 1286 2874 Helena
1312 2805 1337 2884 ³,

136 2939 164 2994 et
176 2933 201 2995 s'
216 2929 338 2996 inclino
353 2929 377 2994 il
394 2930 435 2996 Ρ.
455 2930 630 3015 Stephano
647 2930 850 2995 fortemente
865 2949 886 2992 a
902 2927 963 2992 far'
979 2935 1100 3009 questo
1111 2921 1263 3008 viaggi0,
1280 2940 1341 3006 per

136 3041 311 3112 inductione
326 3045 416 3114 della
436 3044 575 3131 signora
594 3045 622 3110 F
623 3044 771 3110 ucchera
792 3044 817 3122 ³,
839 3042 873 3107 la
888 3041 986 3125 quale
1003 3049 1124 3124 questo
1144 3035 1277 3103 modico
1296 3037 1341 3102 ha

137 3171 237 3229 sanato
250 3163 283 3229 di
298 3160 407 3228 simile
423 3159 596 3226 infirmitd.
614 3160 651 3225 Io
666 3179 736 3224 non
751 3156 855 3223 hebbi
872 3154 987 3222 animo
1003 3153 1037 3220 di
1054 3152 1183 3240 negarli
1196 3153 1218 3216 l’
1233 3151 1341 3216 anda-

138 3289 175 3359 ta,
190 3277 461 3364 principalmente
474 3273 664 3341 hauendosi
680 3273 724 3338 da
739 3269 932 3339 rimandare
947 3269 972 3336 il
988 3270 1120 3336 cauallo
1140 3267 1156 3310 b
1176 3266 1264 3334 delle
1284 3287 1339 3330 re-

137 3391 214 3476 gine,
229 3395 282 3460 nel
297 3394 399 3478 quale
415 3411 474 3458 era
489 3399 618 3457 venuto
639 3389 720 3456 M.‘⁰
741 3389 888 3455 Hermes
910 3405 975 3452 con
995 3407 1042 3450 vn
1065 3382 1231 3450 seruitore
1253 3379 1342 3446 delle

138 3519 226 3576 stesse
241 3519 253 3551 ⁶
274 3506 392 3595 regine
408 3507 473 3574 che
488 3506 521 3571 lo
537 3525 651 3571 uenne
667 3505 711 3570 ad
726 3500 987 3588 acompagniare
1000 3501 1149 3566 anchora
1162 3519 1182 3564 a
1194 3495 1339 3572 caual10,

139 3637 167 3691 et
188 3648 243 3692 con
269 3635 391 3712 questo
418 3621 508 3689 andd
533 3620 557 3686 il
586 3623 626 3686 P.
651 3618 798 3686 Liberio.
823 3617 920 3685 Hieri
940 3637 1025 3683 sono
1047 3611 1166 3680 uenuti
1195 3609 1271 3675 libri
1300 3609 1343 3673 de

142 3739 335 3808 Franclordia
349 3739 385 3805 di
401 3745 523 3824 questa
539 3733 623 3803 teria
638 3731 673 3798 di
690 3735 820 3814 Marzo,
839 3742 874 3799 et
891 3732 941 3796 lra
952 3729 976 3795 li
989 3728 1065 3796 altri
1078 3727 1134 3793 doi
1147 3724 1229 3793 torni
1242 3723 1276 3788 in
1291 3720 1342 3788 8.⁰

141 3857 212 3924 assai
226 3855 343 3944 grandi
359 3851 469 3921 scritti
489 3860 607 3918 contro
623 3850 654 3917 al
671 3849 793 3915 dottor’
815 3845 922 3916 Paiua
938 3845 964 3926 ⁴,
981 3866 1043 3932 per
1064 3842 1143 3928 quel
1159 3838 1343 3906 medesimo

191 4083 205 4116 ⁸
231 4073 347 4127 averba
363 4085 447 4140 seqq.
463 4081 550 4136 supra
562 4079 639 4118 vers.
654 4060 766 4116 addidit
780 4057 927 4115 libe-1³2
941 4057 1032 4112 verba
1045 4071 1128 4126 seqq.
1143 4051 1241 4108 addita
1258 4067 1345 4124 supra

141 4179 206 4218 vero.
220 4180 235 4217 a
248 4161 369 4216 libr.--e
391 4157 458 4211 Hoc
469 4155 553 4210 verb.
566 4149 679 4207 addidit
691 4150 759 4206 libr.
778 4165 866 4220 supra
879 4162 961 4202 vers.

183 4363 189 4393 ³
223 4361 264 4415 De
276 4360 325 4415 illo
338 4355 415 4412 Vide
431 4350 541 4408 carras
553 4351 589 4405 de
604 4349 638 4405 S.
656 4347 792 4422 lgnacio,
807 4341 938 4414 V1,498;
953 4349 984 4397 et
1001 4341 1271 4406 Banunsnenoaa,
1290 4333 1346 4390 Ca-

139 4448 200 4502 nisir'
212 4447 313 4522 Epist„
326 4445 355 4501 11
368 4453 400 4500 et
412 4441 457 4498 111
469 4439 592 4514 passim.

183 4541 192 4571 ¹
223 4537 291 4592 Filia
302 4529 482 4591 Ferdlnandi
495 4527 520 4594 1,
534 4525 675 4584 caesoris.

186 4625 196 4656 ³
225 4627 335 4694 l'rsula,
346 4623 384 4679 de
396 4637 456 4695 qua
469 4617 537 4674 vide
550 4615 637 4689 epist.
651 4613 715 4684 359,
728 4629 761 4668 n.
780 4609 807 4676 3,
822 4625 889 4666 cum
902 4614 1005 4664 annot.

189 4715 199 4746 ⁸
228 4713 345 4770 Didacus
357 4711 396 4768 de
410 4709 504 4765 Paiva
515 4706 553 4762 de
566 4702 714 4771 Andrada,
728 4701 765 4756 de
782 4713 840 4772 quo
856 4697 974 4770 saepius
992 4693 1023 4749 ln
1041 4693 1141 4765 Epist.
1164 4689 1287 4754 Nalad,
1306 4687 1346 4759 11,

26 4859 27 4869 .
150 4797 240 4858 dotum
254 4812 304 4875 est,
322 4797 459 4874 ‹recripsit
478 4796 548 4852 dum
568 4791 703 4850 Tridenti
721 4795 891 4846 moraretur:
914 4783 1160 4854 Orthodoxarum
1173 4779 1347 4852 explicatio·
