3322 5370
413 431 467 504 384
767 433 770 440 ’
801 436 906 490 Errsr.
927 435 960 492 P.
981 424 1184 507 Nanos-465

376 586 558 655 habbiamo
574 587 631 675 gisi
646 590 731 656 fatta
750 587 782 654 la
804 585 972 656 diuisione
992 588 1025 653 al
1047 591 1094 654 2.⁰
1115 588 1228 669 modo,
1251 588 1417 656 trouando
1436 611 1480 655 vn
1497 611 1577 656 seco·

376 701 447 772 lare
470 703 575 769 molto
598 702 707 770 amico
729 713 857 782 nostro,
884 721 981 770 come
1008 714 1237 788 procuratore,
1259 706 1324 772 che
1346 706 1392 770 ha
1410 704 1539 791 pigliata
1551 707 1577 773 la

376 838 458 884 cura
473 819 561 886 della
576 817 781 904 prouisione,
799 828 865 884 etc.
890 818 915 883 11
931 816 1049 886 ordine
1065 818 1167 885 cheli
1182 819 1329 888 hauemo
1344 819 1424 886 dato
1440 819 1575 886 sardeon

376 945 507 1020 questa.
527 933 563 1002 Si
579 955 663 1000 sono
679 933 898 1002 accomodate
912 933 946 999 le
965 933 1082 1020 regola
1097 932 1140 1002 de
1155 932 1337 1001 conuittori
1352 944 1388 1000 et
1403 935 1575 1002 instruttio

375 1048 410 1116 ni
426 1050 468 1116 de
484 1051 591 1116 Roma
606 1051 670 1115 che
686 1048 744 1134 qui
760 1050 940 1114 haueuano
961 1047 1073 1132 questi
1089 1048 1204 1130 padri,
1221 1049 1253 1115 al
1268 1051 1370 1116 modo
1386 1049 1573 1120 conuenien-

374 1175 409 1234 te
426 1165 461 1231 di
477 1187 545 1250 qua
559 1167 581 1230 ¹.
604 1165 726 1232 Vanno
747 1161 834 1230 assai
854 1163 980 1249 meglio
1001 1166 1065 1232 che
1086 1163 1193 1250 prima
1212 1164 1247 1231 le
1264 1185 1355 1231 cose.
1381 1167 1458 1232 Alte
1476 1168 1574 1232 schole

373 1283 521 1347 anchora
536 1281 565 1346 s'
583 1279 601 1346 ὲ
621 1278 763 1360 aiutato,
788 1299 884 1344 come
903 1278 1028 1345 vedere
1047 1278 1079 1343 la
1103 1281 1143 1345 P.
1167 1279 1210 1345 V.
1234 1300 1295 1364 per
1314 1280 1337 1344 l'
1359 1279 1572 1362 instruttione,

373 1404 409 1462 et
423 1417 509 1462 sono
525 1393 583 1480 qui
598 1397 631 1463 le
650 1395 765 1461 schole
784 1395 818 1459 la
836 1392 1001 1478 principat
1021 1413 1114 1476 cosa,
1137 1395 1255 1473 frutto,
1273 1405 1308 1462 et
1327 1415 1510 1481 apparenza
1522 1397 1575 1460 che

372 1511 487 1578 hanno
501 1521 517 1553 ²
539 1511 587 1598 gli
607 1509 726 1576 nostri.
745 1509 788 1575 Et
809 1509 993 1599 realmente
1014 1508 1041 1576 si
1063 1509 1096 1575 sa
1117 1509 1221 1575 molto
1240 1511 1359 1590 frutto,
1382 1521 1417 1578 et
1438 1510 1573 1595 bisognia

371 1625 527 1694 attender
542 1626 646 1692 molto
661 1648 681 1691 a
697 1623 914 1692 conseruarlo
930 1633 965 1690 et
981 1624 1228 1709 augmentarlo,
1246 1625 1369 1710 perche
1385 1624 1421 1691 in
1434 1624 1573 1711 prodiche

371 1751 406 1810 et
416 1740 567 1807 dottrina
577 1738 761 1807 christiana
772 1740 835 1805 che
848 1738 951 1804 fanno
964 1738 1052 1804 nella
1064 1736 1179 1806 chiesa
1189 1739 1205 1780 b
1214 1748 1250 1805 et
1261 1739 1464 1806 confessioni
1475 1741 1572 1804 hanno

369 1877 455 1942 poco
475 1876 652 1934 eoncorso,
674 1853 807 1922 benche
829 1874 988 1940 vengono
1008 1853 1129 1921 adesso
1155 1852 1215 1940 pio
1235 1856 1299 1924 che
1322 1875 1392 1920 non
1412 1855 1568 1924 soleuam.

369 1971 457 2039 Nele
471 1992 552 2037 cose
567 1968 752 2036 domestice
769 1978 803 2034 et
819 1967 936 2034 ordine
951 1967 986 2035 di
1002 1988 1095 2049 casa,
1113 1966 1160 2034 mi
1176 1990 1256 2055 pare
1272 1991 1292 2035 a
1307 1991 1361 2036 mc
1378 1973 1479 2038 esser'
1495 1979 1570 2034 stato

368 2107 496 2152 ancora
514 2084 549 2152 di
569 2083 737 2170 bisognio,
763 2081 890 2150 sicome
913 2083 1002 2150 nelle
1025 2083 1153 2164 schole,
1172 2082 1212 2150 ci
1234 2082 1372 2152 aiutare.
1392 2085 1484 2154 Sono
1503 2083 1569 2150 stati

369 2199 459 2268 facili
475 2211 510 2267 et
529 2199 617 2267 nelle
637 2199 753 2265 schole
772 2208 807 2265 et
828 2197 862 2262 in
885 2217 975 2277 casa,
998 2197 1164 2264 introdur’
1187 2198 1332 2266 alchune
1351 2220 1433 2268 cose
1447 2204 1569 2286 practer

366 2321 520 2382 nostram
540 2313 827 2392 consuetudinem,
850 2313 873 2378 il
893 2314 958 2380 che
977 2311 1006 2380 si
1028 2314 1154 2382 uedera
1176 2312 1277 2382 etiam
1299 2314 1380 2382 nelli
1401 2314 1515 2382 scritti.
1538 2315 1568 2378 10

366 2430 413 2496 mi
430 2430 574 2510 ricordo,
598 2429 719 2508 Padre,
742 2431 807 2496 che
827 2450 884 2495 era
903 2431 962 2493 vn'
984 2427 1102 2496 ordine
1121 2429 1177 2495 del
1198 2429 1239 2495 P.
1270 2431 1355 2496 Mro.
1379 2427 1518 2517 ignatio,
1537 2447 1568 2494 se

365 2547 432 2612 ben
449 2545 494 2612 mi
510 2545 656 2624 ricordo,
673 2545 738 2610 che
750 2564 797 2608 un
810 2541 1016 2628 prouinciale
1028 2564 1131 2624 nouo,
1144 2563 1166 2609 o
1183 2565 1276 2627 uer0,
1290 2554 1430 2628 rettore,
1444 2566 1507 2610 non
1524 2565 1566 2609 or·

364 2660 436 2728 dini
452 2682 533 2726 cose
547 2679 675 2738 nuoue,
692 2658 845 2724 almanco
862 2677 947 2742 quac
957 2657 1141 2742 patiantur
1156 2679 1301 2744 moram,
1320 2679 1424 2726 senza
1444 2659 1567 2726 consul·

365 2785 416 2842 tar
430 2775 550 2860 prima,
569 2772 681 2858 quello
697 2773 729 2838 al
744 2772 941 2858 generaleo
961 2771 1149 2855 visitatore,
1171 2783 1205 2839 et
1225 2784 1346 2858 questo
1364 2775 1398 2841 al
1418 2796 1480 2841 suo
1498 2793 1565 2860 pro-

364 2889 509 2957 uinciale
526 2899 560 2954 ⁰.
579 2887 617 2957 Si
640 2888 658 2954 ὲ
683 2897 781 2974 posta
801 2886 837 2952 in
856 2907 935 2953 casa
954 2905 1019 2952 con
1041 2886 1075 2953 la
1094 2886 1205 2972 gratia
1223 2888 1278 2953 del
1293 2887 1442 2976 Signore
1456 2890 1563 2956 alchun

362 3023 448 3092 poco
464 3005 508 3069 de
522 3002 697 3088 disciplina
715 3014 749 3071 et
771 3000 964 3068 deuotione.
989 3001 1071 3086 Qui,
1096 3003 1218 3084 Padre,
1240 3025 1309 3069 non
1329 3006 1444 3071 hanno
1466 3003 1564 3071 chiesa

361 3118 506 3205 propria,
524 3118 567 3185 ne
583 3117 769 3203 congionta
784 3116 850 3182 co’l
867 3113 1022 3202 collegio:
1037 3115 1090 3183 c'e
1102 3137 1171 3184 una
1182 3118 1341 3186 stradella
1352 3119 1388 3184 in
1400 3140 1525 3200 mezzo,
1536 3127 1564 3182 et

360 3244 456 3320 parte
470 3229 525 3301 del
541 3230 718 3299 cimiterio:
736 3239 856 3315 questa
876 3229 894 3296 ὲ
916 3230 1136 3315 parrochiale.
1156 3233 1191 3297 lo
1207 3231 1263 3318 gia
1283 3233 1307 3298 l'
1329 3233 1414 3300 altra
1434 3235 1520 3300 uolta
1536 3243 1565 3298 et

359 3350 481 3416 adesso
499 3351 545 3413 ho
565 3355 797 3432 representato
819 3364 839 3410 a
858 3343 1078 3431 monsignore
1098 3348 1162 3413 che
1184 3346 1217 3414 la
1236 3368 1318 3414 cura
1337 3347 1366 3414 si
1393 3345 1562 3415 transferisi

357 3464 424 3531 alla
438 3462 603 3550 prossima
619 3459 805 3546 parrochia,
823 3459 855 3526 al
871 3459 972 3526 modo
988 3463 1052 3527 che
1073 3471 1127 3528 sta
1142 3463 1254 3545 quella
1274 3473 1389 3529 nostra
1407 3465 1450 3531 de
1468 3464 1562 3528 Roma

356 3601 377 3646 a
392 3581 427 3649 S.
449 3583 564 3648 Marco
576 3579 600 3645 ¹.
621 3577 708 3643 Pare
723 3577 788 3640 che
803 3596 871 3640 non
887 3577 932 3641 ha
953 3596 1116 3661 speranza
1132 3576 1234 3642 cheli
1250 3577 1458 3664 parrochiani
1477 3577 1561 3644 siano

354 3693 516 3762 contenti.
536 3695 573 3759 ln
590 3702 684 3759 tanto
699 3689 756 3756 noi
776 3689 958 3757 habbiamo
976 3710 1039 3756 uso
1054 3690 1160 3760 libero
1176 3691 1264 3758 della
1278 3692 1404 3772 chiesa,
1422 3705 1457 3762 et
1474 3694 1496 3757 1’
1512 3713 1559 3758 ar-

353 3809 536 3877 ciuescouo
552 3816 656 3874 mette
673 3827 719 3873 un
735 3805 923 3885 sacerdote,
942 3807 1005 3870 che
1021 3807 1064 3872 ha
1081 3806 1114 3874 la
1128 3826 1211 3874 cura
1225 3805 1301 3873 dell'
1324 3807 1435 3876 anime
1454 3818 1488 3876 et
1505 3807 1557 3872 ad-

352 3923 506 3991 ministra
520 3919 733 3989 sacramenti.
752 3919 792 3988 Li
813 3919 920 3985 nostri
943 3930 1089 3987 cantano
1108 3941 1220 3989 messa
1239 3929 1275 3988 et
1294 3942 1437 4008 uespero
1456 3924 1486 3989 le
1503 3921 1557 3986 do-

404 4135 447 4180 12
464 4125 555 4180 verba
572 4139 658 4196 seqq.
679 4119 778 4176 addita
795 4127 864 4176 sunt
880 4135 897 4174 a
911 4119 950 4176 N.
972 4137 1060 4193 supra
1078 4125 1237 4178 vers-ba
1254 4125 1345 4178 verba
1362 4141 1443 4197 seqq.
1457 4121 1557 4178 addidit

348 4215 389 4271 N.
407 4213 438 4270 in
451 4222 600 4284 marg.-c
613 4213 699 4282 Quae
712 4216 873 4280 sequuntur
886 4225 979 4282 usque
991 4208 1028 4264 ad
1040 4215 1068 4266 ct
1081 4212 1248 4277 deuotione,
1263 4210 1361 4268 addita
1373 4223 1440 4270 sunt
1452 4209 1557 4284 scriptis

345 4305 408 4377 jam
420 4301 556 4376 reliquis.

291 4443 293 4456 '
400 4454 409 4488 ¹
446 4452 522 4509 Vide
534 4457 634 4507 nostra
646 4447 843 4504 Monumenta
852 4449 1074 4522 paedagogica,
1088 4465 1156 4521 pag.
1169 4449 1222 4519 788
1235 4459 1266 4505 et
1279 4467 1363 4525 seqq.

396 4548 408 4578 ²
445 4541 494 4598 Ct.
521 4541 645 4595 Tnccrn
662 4537 817 4606 Virorum,
840 4537 877 4594 La
896 4553 961 4594 case
978 4535 1089 4593 abitare
1107 4539 1141 4594 in
1159 4539 1257 4595 Roma
1273 4541 1314 4596 dc
1332 4540 1366 4597 S.
1385 4540 1506 4616 [goario
1525 4537 1554 4591 dt

346 4631 463 4695 Letoia,
477 4644 565 4702 pagg.
584 4625 676 4682 28-30.
