<?xml version="1.0" encoding="UTF-8"?>
<!DOCTYPE html PUBLIC "-//W3C//DTD XHTML 1.0 Transitional//EN"
    "http://www.w3.org/TR/xhtml1/DTD/xhtml1-transitional.dtd">
<html xmlns="http://www.w3.org/1999/xhtml" xml:lang="en" lang="en">
 <head>
  <title>
</title>
<meta http-equiv="Content-Type" content="text/html;charset=utf-8" />
  <meta name='ocr-system' content='tesseract 3.04.00' />
  <meta name='ocr-capabilities' content='ocr_page ocr_carea ocr_par ocr_line ocrx_word'/>
</head>
<body>
  <div class='ocr_page' id='page_1' title='image "./epistolaephiero01nadagoog_0778.png"; bbox 0 0 3482 5386; ppageno 0'>
   <div class='ocr_carea' id='block_1_1' title="bbox 605 544 1313 618">
    <p class='ocr_par' dir='ltr' id='par_1_1' title="bbox 605 544 1313 618">
     <span class='ocr_line' id='line_1_1' title="bbox 605 544 1313 618; baseline 0.001 -2"><span class='ocrx_word' id='word_1_1' title='bbox 605 558 637 616; x_wconf 82' lang='lat'>17</span> <span class='ocrx_word' id='word_1_2' title='bbox 655 545 773 602; x_wconf 65' lang='lat' dir='ltr'>unam</span> <span class='ocrx_word' id='word_1_3' title='bbox 794 555 861 616; x_wconf 56' lang='grc' dir='ltr'>ἐπ</span> <span class='ocrx_word' id='word_1_4' title='bbox 1258 544 1313 618; x_wconf 81' lang='lat'>7³9</span> 
     </span>
    </p>
   </div>
   <div class='ocr_carea' id='block_1_2' title="bbox 99 693 1348 1360">
    <p class='ocr_par' dir='ltr' id='par_1_2' title="bbox 99 693 1348 900">
     <span class='ocr_line' id='line_1_2' title="bbox 171 693 1348 784; baseline 0.005 -22"><span class='ocrx_word' id='word_1_5' title='bbox 171 696 222 762; x_wconf 89' lang='lat' dir='ltr'>V.</span> <span class='ocrx_word' id='word_1_6' title='bbox 246 697 291 764; x_wconf 92' lang='lat' dir='ltr'>P.</span> <span class='ocrx_word' id='word_1_7' title='bbox 310 696 357 764; x_wconf 89' lang='lat' dir='ltr'>mi</span> <span class='ocrx_word' id='word_1_8' title='bbox 373 697 516 784; x_wconf 78' lang='lat' dir='ltr'>perdoni</span> <span class='ocrx_word' id='word_1_9' title='bbox 531 698 564 766; x_wconf 92' lang='lat' dir='ltr'>la</span> <span class='ocrx_word' id='word_1_10' title='bbox 580 697 788 783; x_wconf 76' lang='lat' dir='ltr'>mis&#39;culanca</span> <span class='ocrx_word' id='word_1_11' title='bbox 798 697 843 764; x_wconf 92' lang='lat' dir='ltr'>de</span> <span class='ocrx_word' id='word_1_12' title='bbox 855 696 989 784; x_wconf 81' lang='lat' dir='ltr'>lingue.</span> <span class='ocrx_word' id='word_1_13' title='bbox 1004 693 1046 764; x_wconf 92' lang='lat' dir='ltr'>El</span> <span class='ocrx_word' id='word_1_14' title='bbox 1057 695 1224 784; x_wconf 77' lang='lat' dir='ltr'>galardon</span> <span class='ocrx_word' id='word_1_15' title='bbox 1238 699 1284 766; x_wconf 91' lang='lat' dir='ltr'>ha</span> <span class='ocrx_word' id='word_1_16' title='bbox 1297 697 1348 768; x_wconf 82' lang='lat' dir='ltr'>te-</span> 
     </span>
     <span class='ocr_line' id='line_1_3' title="bbox 99 809 1297 900; baseline 0.003 -24"><span class='ocrx_word' id='word_1_17' title='bbox 99 809 200 878; x_wconf 84' lang='lat' dir='ltr'>uado</span> <span class='ocrx_word' id='word_1_18' title='bbox 216 811 365 900; x_wconf 84' lang='lat' dir='ltr'>consigo</span> <span class='ocrx_word' id='word_1_19' title='bbox 375 813 408 880; x_wconf 91' lang='lat' dir='ltr'>el</span> <span class='ocrx_word' id='word_1_20' title='bbox 423 823 525 882; x_wconf 83' lang='lat' dir='ltr'>resto.</span> <span class='ocrx_word' id='word_1_21' title='bbox 541 816 617 882; x_wconf 83' lang='lat' dir='ltr'>Mas</span> <span class='ocrx_word' id='word_1_22' title='bbox 633 814 772 900; x_wconf 77' lang='lat' dir='ltr'>quando</span> <span class='ocrx_word' id='word_1_23' title='bbox 787 834 833 880; x_wconf 92' lang='lat' dir='ltr'>no</span> <span class='ocrx_word' id='word_1_24' title='bbox 849 811 989 880; x_wconf 86' lang='lat' dir='ltr'>miscolo</span> <span class='ocrx_word' id='word_1_25' title='bbox 1004 810 1038 878; x_wconf 93' lang='lat' dir='ltr'>io</span> <span class='ocrx_word' id='word_1_26' title='bbox 1053 821 1089 879; x_wconf 93' lang='lat' dir='ltr'>et</span> <span class='ocrx_word' id='word_1_27' title='bbox 1105 812 1297 899; x_wconf 74' lang='lat' dir='ltr'>ambaraoo!</span> 
     </span>
    </p>

    <p class='ocr_par' dir='ltr' id='par_1_3' title="bbox 101 927 1346 1360">
     <span class='ocr_line' id='line_1_4' title="bbox 175 927 1346 1016; baseline 0.006 -26"><span class='ocrx_word' id='word_1_28' title='bbox 175 927 369 1014; x_wconf 76' lang='lat' dir='ltr'><em>Inscriptio</em></span> <span class='ocrx_word' id='word_1_29' title='bbox 384 928 424 994; x_wconf 79' lang='lat' dir='ltr'>in</span> <span class='ocrx_word' id='word_1_30' title='bbox 439 931 565 1014; x_wconf 79' lang='lat' dir='ltr'>quarta</span> <span class='ocrx_word' id='word_1_31' title='bbox 575 929 723 1016; x_wconf 78' lang='lat' dir='ltr'><em>pagina,</em></span> <span class='ocrx_word' id='word_1_32' title='bbox 736 929 808 994; x_wconf 85' lang='lat' dir='ltr'>olio</span> <span class='ocrx_word' id='word_1_33' title='bbox 820 948 939 993; x_wconf 81' lang='lat' dir='ltr'>mono:</span> <span class='ocrx_word' id='word_1_34' title='bbox 955 928 979 1013; x_wconf 90' lang='lat'>†</span> <span class='ocrx_word' id='word_1_35' title='bbox 996 927 1194 994; x_wconf 85' lang='lat' dir='ltr'>Admodum</span> <span class='ocrx_word' id='word_1_36' title='bbox 1206 927 1293 996; x_wconf 86' lang='lat' dir='ltr'><strong>Rdo.</strong></span> <span class='ocrx_word' id='word_1_37' title='bbox 1307 928 1346 1002; x_wconf 78' lang='lat' dir='ltr'>iu</span> 
     </span>
     <span class='ocr_line' id='line_1_5' title="bbox 105 1039 1345 1128; baseline 0.003 -18"><span class='ocrx_word' id='word_1_38' title='bbox 105 1039 170 1110; x_wconf 83' lang='lat' dir='ltr'>X.⁰</span> <span class='ocrx_word' id='word_1_39' title='bbox 188 1041 290 1108; x_wconf 89' lang='lat' dir='ltr'>Patri</span> <span class='ocrx_word' id='word_1_40' title='bbox 310 1043 355 1110; x_wconf 93' lang='lat' dir='ltr'>N.</span> <span class='ocrx_word' id='word_1_41' title='bbox 375 1046 415 1114; x_wconf 90' lang='lat' dir='ltr'>P.</span> <span class='ocrx_word' id='word_1_42' title='bbox 439 1043 615 1112; x_wconf 90' lang='lat' dir='ltr'>Euerardo</span> <span class='ocrx_word' id='word_1_43' title='bbox 636 1043 865 1122; x_wconf 84' lang='lat' dir='ltr'>Mercuriano,</span> <span class='ocrx_word' id='word_1_44' title='bbox 887 1041 1081 1128; x_wconf 90' lang='lat' dir='ltr'>praeposito</span> <span class='ocrx_word' id='word_1_45' title='bbox 1103 1041 1255 1128; x_wconf 84' lang='lat' dir='ltr'>generali</span> <span class='ocrx_word' id='word_1_46' title='bbox 1279 1042 1345 1114; x_wconf 82' lang='lat' dir='ltr'>So-</span> 
     </span>
     <span class='ocr_line' id='line_1_6' title="bbox 101 1153 1346 1245; baseline 0.002 -22"><span class='ocrx_word' id='word_1_47' title='bbox 101 1153 251 1224; x_wconf 81' lang='lat' dir='ltr'>cietatis</span> <span class='ocrx_word' id='word_1_48' title='bbox 263 1159 358 1245; x_wconf 82' lang='lat' dir='ltr'>Jesu.</span> <span class='ocrx_word' id='word_1_49' title='bbox 376 1159 514 1228; x_wconf 88' lang='lat' dir='ltr'>Romae.</span> <span class='ocrx_word' id='word_1_50' title='bbox 534 1159 615 1226; x_wconf 84' lang='lat' dir='ltr'>Alio</span> <span class='ocrx_word' id='word_1_51' title='bbox 631 1179 750 1226; x_wconf 81' lang='lat' dir='ltr'>manu:</span> <span class='ocrx_word' id='word_1_52' title='bbox 770 1173 860 1242; x_wconf 84' lang='lat'><strong>1577.</strong></span> <span class='ocrx_word' id='word_1_53' title='bbox 881 1157 982 1225; x_wconf 78' lang='lat' dir='ltr'>Halo.</span> <span class='ocrx_word' id='word_1_54' title='bbox 998 1159 1035 1224; x_wconf 93' lang='grc' dir='ltr'>Ρ.</span> <span class='ocrx_word' id='word_1_55' title='bbox 1049 1155 1225 1225; x_wconf 85' lang='lat' dir='ltr'>Girolamo</span> <span class='ocrx_word' id='word_1_56' title='bbox 1238 1158 1346 1232; x_wconf 78' lang='lat' dir='ltr'>Nata·</span> 
     </span>
     <span class='ocr_line' id='line_1_7' title="bbox 105 1269 946 1360; baseline 0.002 -24"><span class='ocrx_word' id='word_1_57' title='bbox 105 1269 151 1338; x_wconf 90' lang='lat' dir='ltr'>le.</span> <span class='ocrx_word' id='word_1_58' title='bbox 170 1271 309 1340; x_wconf 89' lang='lat' dir='ltr'>Vltimo</span> <span class='ocrx_word' id='word_1_59' title='bbox 323 1272 359 1341; x_wconf 89' lang='lat' dir='ltr'>di</span> <span class='ocrx_word' id='word_1_60' title='bbox 375 1273 536 1346; x_wconf 89' lang='lat' dir='ltr'>Febrar0.</span> <span class='ocrx_word' id='word_1_61' title='bbox 554 1273 675 1360; x_wconf 82' lang='lat' dir='ltr'>Sigilli</span> <span class='ocrx_word' id='word_1_62' title='bbox 690 1274 887 1360; x_wconf 79' lang='lat' dir='ltr'>vestigium.</span> <span class='ocrx_word' id='word_1_63' title='bbox 940 1341 946 1358; x_wconf 76' lang='lat'>.</span> 
     </span>
    </p>
   </div>
   <div class='ocr_carea' id='block_1_3' title="bbox 451 1617 1011 1688">
    <p class='ocr_par' dir='ltr' id='par_1_4' title="bbox 451 1617 1011 1688">
     <span class='ocr_line' id='line_1_8' title="bbox 451 1617 1011 1688; baseline -0.005 -2"><span class='ocrx_word' id='word_1_64' title='bbox 451 1621 491 1686; x_wconf 92' lang='lat' dir='ltr'>P.</span> <span class='ocrx_word' id='word_1_65' title='bbox 514 1619 824 1688; x_wconf 90' lang='lat' dir='ltr'>HIERONYMUS</span> <span class='ocrx_word' id='word_1_66' title='bbox 845 1617 1011 1687; x_wconf 86' lang='lat' dir='ltr'><strong>NADAL</strong></span> 
     </span>
    </p>
   </div>
   <div class='ocr_carea' id='block_1_4' title="bbox 357 1747 1114 1936">
    <p class='ocr_par' dir='ltr' id='par_1_5' title="bbox 357 1747 1114 1936">
     <span class='ocr_line' id='line_1_9' title="bbox 357 1747 1105 1810; baseline 0 -2"><span class='ocrx_word' id='word_1_67' title='bbox 357 1751 495 1808; x_wconf 84' lang='lat' dir='ltr'><strong>PATRI</strong></span> <span class='ocrx_word' id='word_1_68' title='bbox 519 1749 772 1810; x_wconf 82' lang='lat' dir='ltr'><strong>EVERARDO</strong></span> <span class='ocrx_word' id='word_1_69' title='bbox 796 1747 1105 1808; x_wconf 84' lang='lat' dir='ltr'><strong>MERCURIANO</strong></span> 
     </span>
     <span class='ocr_line' id='line_1_10' title="bbox 525 1843 1114 1936; baseline 0 -14"><span class='ocrx_word' id='word_1_70' title='bbox 525 1879 645 1936; x_wconf 72' lang='lat' dir='ltr'>mune,</span> <span class='ocrx_word' id='word_1_71' title='bbox 660 1879 693 1936; x_wconf 85' lang='lat'>17</span> <span class='ocrx_word' id='word_1_72' title='bbox 712 1879 821 1922; x_wconf 70' lang='lat' dir='ltr'>annun</span> <span class='ocrx_word' id='word_1_73' title='bbox 837 1877 904 1934; x_wconf 85' lang='lat'>1577</span> <span class='ocrx_word' id='word_1_74' title='bbox 919 1865 939 1924; x_wconf 83' lang='lat'>¹.</span> <span class='ocrx_word' id='word_1_75' title='bbox 1111 1843 1114 1849; x_wconf 41' lang='lat'><em>¹</em></span> 
     </span>
    </p>
   </div>
   <div class='ocr_carea' id='block_1_5' title="bbox 108 1979 1344 2144">
    <p class='ocr_par' dir='ltr' id='par_1_6' title="bbox 108 1979 1344 2144">
     <span class='ocr_line' id='line_1_11' title="bbox 108 1979 1344 2054; baseline 0 -16"><span class='ocrx_word' id='word_1_76' title='bbox 108 1981 336 2048; x_wconf 59' lang='lat' dir='ltr'>denotationes</span> <span class='ocrx_word' id='word_1_77' title='bbox 348 1986 376 2038; x_wconf 81' lang='lat' dir='ltr'>et</span> <span class='ocrx_word' id='word_1_78' title='bbox 388 1983 581 2040; x_wconf 72' lang='lat' dir='ltr'><strong><em>concordiam</em></strong></span> <span class='ocrx_word' id='word_1_79' title='bbox 593 1982 801 2054; x_wconf 71' lang='lat' dir='ltr'>coangelicam</span> <span class='ocrx_word' id='word_1_80' title='bbox 817 1981 968 2036; x_wconf 82' lang='lat' dir='ltr'>amandat:</span> <span class='ocrx_word' id='word_1_81' title='bbox 985 1980 1022 2036; x_wconf 81' lang='lat' dir='ltr'>da</span> <span class='ocrx_word' id='word_1_82' title='bbox 1038 1980 1117 2034; x_wconf 80' lang='lat' dir='ltr'>socio</span> <span class='ocrx_word' id='word_1_83' title='bbox 1132 1996 1199 2036; x_wconf 81' lang='lat' dir='ltr'>auo:</span> <span class='ocrx_word' id='word_1_84' title='bbox 1217 1979 1344 2038; x_wconf 71' lang='lat' dir='ltr'>taum</span> 
     </span>
     <span class='ocr_line' id='line_1_12' title="bbox 183 2069 1273 2144; baseline -0.001 -18"><span class='ocrx_word' id='word_1_85' title='bbox 183 2071 314 2144; x_wconf 75' lang='lat' dir='ltr'>cogitat:</span> <span class='ocrx_word' id='word_1_86' title='bbox 324 2071 473 2126; x_wconf 81' lang='lat' dir='ltr'>librorum</span> <span class='ocrx_word' id='word_1_87' title='bbox 486 2073 656 2142; x_wconf 78' lang='lat' dir='ltr'>emptorum</span> <span class='ocrx_word' id='word_1_88' title='bbox 668 2070 848 2126; x_wconf 57' lang='lat' dir='ltr'>solutorum</span> <span class='ocrx_word' id='word_1_89' title='bbox 854 2069 1036 2142; x_wconf 84' lang='lat' dir='ltr'>faciendam</span> <span class='ocrx_word' id='word_1_90' title='bbox 1047 2072 1273 2142; x_wconf 74' lang='lat' dir='ltr'>commemorat.</span> 
     </span>
    </p>
   </div>
   <div class='ocr_carea' id='block_1_6' title="bbox 110 2191 1346 4004">
    <p class='ocr_par' dir='ltr' id='par_1_7' title="bbox 110 2191 1346 4004">
     <span class='ocr_line' id='line_1_13' title="bbox 181 2191 1340 2280; baseline -0.003 -17"><span class='ocrx_word' id='word_1_91' title='bbox 181 2195 207 2280; x_wconf 84' lang='lat'><strong>†</strong></span> <span class='ocrx_word' id='word_1_92' title='bbox 256 2195 364 2263; x_wconf 89' lang='lat' dir='ltr'>Molto</span> <span class='ocrx_word' id='word_1_93' title='bbox 380 2195 466 2262; x_wconf 91' lang='lat' dir='ltr'>Rdo.</span> <span class='ocrx_word' id='word_1_94' title='bbox 487 2197 527 2263; x_wconf 93' lang='lat' dir='ltr'>P.</span> <span class='ocrx_word' id='word_1_95' title='bbox 545 2196 590 2262; x_wconf 93' lang='lat' dir='ltr'>N.</span> <span class='ocrx_word' id='word_1_96' title='bbox 610 2193 646 2260; x_wconf 90' lang='lat' dir='ltr'>in</span> <span class='ocrx_word' id='word_1_97' title='bbox 661 2192 726 2260; x_wconf 83' lang='lat' dir='ltr'>X.⁰</span> <span class='ocrx_word' id='word_1_98' title='bbox 742 2196 815 2261; x_wconf 86' lang='lat' dir='ltr'>Pax</span> <span class='ocrx_word' id='word_1_99' title='bbox 830 2191 887 2260; x_wconf 80' lang='lat' dir='ltr'>X.i</span> <span class='ocrx_word' id='word_1_100' title='bbox 907 2192 986 2260; x_wconf 84' lang='lat' dir='ltr'>Alla</span> <span class='ocrx_word' id='word_1_101' title='bbox 1001 2192 1090 2260; x_wconf 91' lang='lat' dir='ltr'>della</span> <span class='ocrx_word' id='word_1_102' title='bbox 1114 2194 1154 2259; x_wconf 92' lang='grc' dir='ltr'>Ρ.</span> <span class='ocrx_word' id='word_1_103' title='bbox 1178 2193 1222 2259; x_wconf 92' lang='lat' dir='ltr'>V.</span> <span class='ocrx_word' id='word_1_104' title='bbox 1238 2193 1284 2260; x_wconf 91' lang='lat' dir='ltr'>de</span> <span class='ocrx_word' id='word_1_105' title='bbox 1301 2211 1340 2278; x_wconf 78' lang='lat'>31</span> 
     </span>
     <span class='ocr_line' id='line_1_14' title="bbox 112 2306 1343 2396; baseline 0.002 -23"><span class='ocrx_word' id='word_1_106' title='bbox 112 2307 157 2376; x_wconf 86' lang='lat' dir='ltr'>de</span> <span class='ocrx_word' id='word_1_107' title='bbox 172 2307 371 2377; x_wconf 89' lang='lat' dir='ltr'>Diziembre</span> <span class='ocrx_word' id='word_1_108' title='bbox 386 2309 443 2396; x_wconf 77' lang='lat' dir='ltr'>gii</span> <span class='ocrx_word' id='word_1_109' title='bbox 460 2309 599 2396; x_wconf 89' lang='lat' dir='ltr'>resposi.</span> <span class='ocrx_word' id='word_1_110' title='bbox 620 2310 659 2374; x_wconf 91' lang='lat' dir='ltr'>ln</span> <span class='ocrx_word' id='word_1_111' title='bbox 679 2317 800 2394; x_wconf 88' lang='lat' dir='ltr'>questa</span> <span class='ocrx_word' id='word_1_112' title='bbox 821 2306 968 2394; x_wconf 79' lang='lat' dir='ltr'>repetito</span> <span class='ocrx_word' id='word_1_113' title='bbox 984 2307 1206 2377; x_wconf 90' lang='lat' dir='ltr'>breuemente</span> <span class='ocrx_word' id='word_1_114' title='bbox 1226 2308 1343 2392; x_wconf 90' lang='lat' dir='ltr'>quello</span> 
     </span>
     <span class='ocr_line' id='line_1_15' title="bbox 112 2422 1344 2511; baseline 0.002 -23"><span class='ocrx_word' id='word_1_115' title='bbox 112 2441 181 2506; x_wconf 87' lang='lat' dir='ltr'>que</span> <span class='ocrx_word' id='word_1_116' title='bbox 196 2425 322 2493; x_wconf 89' lang='lat' dir='ltr'>dieeua</span> <span class='ocrx_word' id='word_1_117' title='bbox 337 2426 426 2494; x_wconf 88' lang='lat' dir='ltr'>nelle</span> <span class='ocrx_word' id='word_1_118' title='bbox 441 2424 509 2492; x_wconf 90' lang='lat' dir='ltr'>mie</span> <span class='ocrx_word' id='word_1_119' title='bbox 524 2425 568 2492; x_wconf 91' lang='lat' dir='ltr'>de</span> <span class='ocrx_word' id='word_1_120' title='bbox 583 2423 786 2493; x_wconf 88' lang='lat' dir='ltr'>Deziembre</span> <span class='ocrx_word' id='word_1_121' title='bbox 804 2433 840 2491; x_wconf 88' lang='lat' dir='ltr'>et</span> <span class='ocrx_word' id='word_1_122' title='bbox 856 2433 872 2467; x_wconf 78' lang='lat'>⁸</span> <span class='ocrx_word' id='word_1_123' title='bbox 889 2425 1052 2511; x_wconf 85' lang='lat' dir='ltr'>Jannaro‚</span> <span class='ocrx_word' id='word_1_124' title='bbox 1076 2424 1203 2508; x_wconf 76' lang='lat' dir='ltr'>perche</span> <span class='ocrx_word' id='word_1_125' title='bbox 1222 2422 1344 2492; x_wconf 83' lang='lat' dir='ltr'>dubita</span> 
     </span>
     <span class='ocr_line' id='line_1_16' title="bbox 110 2535 1343 2625; baseline 0.003 -25"><span class='ocrx_word' id='word_1_126' title='bbox 110 2535 135 2601; x_wconf 93' lang='lat' dir='ltr'>il</span> <span class='ocrx_word' id='word_1_127' title='bbox 151 2540 192 2607; x_wconf 91' lang='lat' dir='ltr'>P.</span> <span class='ocrx_word' id='word_1_128' title='bbox 213 2539 402 2608; x_wconf 87' lang='lat' dir='ltr'>Rabastien</span> <span class='ocrx_word' id='word_1_129' title='bbox 417 2540 433 2582; x_wconf 60' lang='grc' dir='ltr'><strong>θ</strong></span> <span class='ocrx_word' id='word_1_130' title='bbox 451 2541 464 2574; x_wconf 90' lang='lat'><strong>¹</strong></span> <span class='ocrx_word' id='word_1_131' title='bbox 481 2542 547 2609; x_wconf 89' lang='lat' dir='ltr'>che</span> <span class='ocrx_word' id='word_1_132' title='bbox 561 2539 657 2607; x_wconf 90' lang='lat' dir='ltr'>siano</span> <span class='ocrx_word' id='word_1_133' title='bbox 672 2560 785 2625; x_wconf 89' lang='lat' dir='ltr'>perse,</span> <span class='ocrx_word' id='word_1_134' title='bbox 799 2549 834 2604; x_wconf 93' lang='lat' dir='ltr'>et</span> <span class='ocrx_word' id='word_1_135' title='bbox 850 2537 1005 2606; x_wconf 88' lang='lat' dir='ltr'>desidero</span> <span class='ocrx_word' id='word_1_136' title='bbox 1022 2539 1130 2604; x_wconf 90' lang='lat' dir='ltr'>hauer</span> <span class='ocrx_word' id='word_1_137' title='bbox 1141 2537 1287 2624; x_wconf 82' lang='lat' dir='ltr'>risposta</span> <span class='ocrx_word' id='word_1_138' title='bbox 1298 2537 1343 2604; x_wconf 90' lang='lat' dir='ltr'>da</span> 
     </span>
     <span class='ocr_line' id='line_1_17' title="bbox 114 2651 1341 2742; baseline 0.002 -24"><span class='ocrx_word' id='word_1_139' title='bbox 114 2653 158 2719; x_wconf 94' lang='lat' dir='ltr'>V.</span> <span class='ocrx_word' id='word_1_140' title='bbox 189 2655 232 2722; x_wconf 89' lang='lat' dir='ltr'><strong>P.</strong></span> <span class='ocrx_word' id='word_1_141' title='bbox 256 2654 290 2721; x_wconf 94' lang='lat' dir='ltr'>di</span> <span class='ocrx_word' id='word_1_142' title='bbox 310 2653 433 2742; x_wconf 86' lang='lat' dir='ltr'>gratia.</span> <span class='ocrx_word' id='word_1_143' title='bbox 463 2657 600 2722; x_wconf 85' lang='lat' dir='ltr'>Ancora</span> <span class='ocrx_word' id='word_1_144' title='bbox 627 2653 735 2720; x_wconf 88' lang='lat' dir='ltr'>siamo</span> <span class='ocrx_word' id='word_1_145' title='bbox 758 2652 915 2739; x_wconf 87' lang='lat' dir='ltr'>occupati</span> <span class='ocrx_word' id='word_1_146' title='bbox 935 2651 1004 2719; x_wconf 91' lang='lat' dir='ltr'>mio</span> <span class='ocrx_word' id='word_1_147' title='bbox 1025 2673 1219 2740; x_wconf 86' lang='lat' dir='ltr'>compagno</span> <span class='ocrx_word' id='word_1_148' title='bbox 1239 2661 1275 2722; x_wconf 92' lang='lat' dir='ltr'>et</span> <span class='ocrx_word' id='word_1_149' title='bbox 1295 2652 1341 2734; x_wconf 93' lang='lat' dir='ltr'>io,</span> 
     </span>
     <span class='ocr_line' id='line_1_18' title="bbox 116 2767 1344 2856; baseline -0.001 -20"><span class='ocrx_word' id='word_1_150' title='bbox 116 2769 207 2836; x_wconf 86' lang='lat' dir='ltr'>nella</span> <span class='ocrx_word' id='word_1_151' title='bbox 227 2769 377 2837; x_wconf 86' lang='lat' dir='ltr'>reuision</span> <span class='ocrx_word' id='word_1_152' title='bbox 404 2770 493 2839; x_wconf 89' lang='lat' dir='ltr'>delle</span> <span class='ocrx_word' id='word_1_153' title='bbox 517 2767 673 2856; x_wconf 81' lang='lat' dir='ltr'>imagini,</span> <span class='ocrx_word' id='word_1_154' title='bbox 695 2779 730 2837; x_wconf 89' lang='lat' dir='ltr'>et</span> <span class='ocrx_word' id='word_1_155' title='bbox 753 2767 981 2848; x_wconf 84' lang='lat' dir='ltr'>annotationi,</span> <span class='ocrx_word' id='word_1_156' title='bbox 1002 2778 1039 2834; x_wconf 89' lang='lat' dir='ltr'>et</span> <span class='ocrx_word' id='word_1_157' title='bbox 1058 2767 1284 2851; x_wconf 86' lang='lat' dir='ltr'>meditationi,</span> <span class='ocrx_word' id='word_1_158' title='bbox 1308 2779 1344 2837; x_wconf 86' lang='lat' dir='ltr'>et</span> 
     </span>
     <span class='ocr_line' id='line_1_19' title="bbox 118 2883 1343 2970; baseline 0.002 -22"><span class='ocrx_word' id='word_1_159' title='bbox 118 2884 364 2953; x_wconf 80' lang='lat' dir='ltr'>concordantia</span> <span class='ocrx_word' id='word_1_160' title='bbox 375 2883 455 2951; x_wconf 88' lang='lat' dir='ltr'>delli</span> <span class='ocrx_word' id='word_1_161' title='bbox 467 2883 637 2970; x_wconf 87' lang='lat' dir='ltr'>euangelii</span> <span class='ocrx_word' id='word_1_162' title='bbox 650 2885 675 2950; x_wconf 79' lang='lat'>³.</span> <span class='ocrx_word' id='word_1_163' title='bbox 685 2883 797 2950; x_wconf 89' lang='lat' dir='ltr'>Finita</span> <span class='ocrx_word' id='word_1_164' title='bbox 806 2893 927 2968; x_wconf 86' lang='lat' dir='ltr'>questa</span> <span class='ocrx_word' id='word_1_165' title='bbox 938 2883 1175 2968; x_wconf 84' lang='lat' dir='ltr'>occupatione,</span> <span class='ocrx_word' id='word_1_166' title='bbox 1183 2883 1343 2954; x_wconf 84' lang='lat' dir='ltr'>desidero</span> 
     </span>
     <span class='ocr_line' id='line_1_20' title="bbox 119 2997 1344 3085; baseline 0 -21"><span class='ocrx_word' id='word_1_167' title='bbox 119 3019 218 3084; x_wconf 83' lang='lat' dir='ltr'>saper</span> <span class='ocrx_word' id='word_1_168' title='bbox 234 3001 416 3069; x_wconf 75' lang='lat' dir='ltr'>scandata</span> <span class='ocrx_word' id='word_1_169' title='bbox 432 3022 453 3067; x_wconf 89' lang='lat' dir='ltr'>a</span> <span class='ocrx_word' id='word_1_170' title='bbox 468 3000 615 3068; x_wconf 86' lang='lat' dir='ltr'>Fiandra</span> <span class='ocrx_word' id='word_1_171' title='bbox 626 2999 695 3066; x_wconf 88' lang='lat' dir='ltr'>mio</span> <span class='ocrx_word' id='word_1_172' title='bbox 706 3019 898 3084; x_wconf 86' lang='lat' dir='ltr'>compagno</span> <span class='ocrx_word' id='word_1_173' title='bbox 914 2999 926 3030; x_wconf 79' lang='lat'><strong>⁴</strong></span> <span class='ocrx_word' id='word_1_174' title='bbox 943 3004 977 3064; x_wconf 86' lang='lat' dir='ltr'>vt</span> <span class='ocrx_word' id='word_1_175' title='bbox 987 2999 1121 3084; x_wconf 76' lang='lat' dir='ltr'>praesit</span> <span class='ocrx_word' id='word_1_176' title='bbox 1131 2999 1238 3085; x_wconf 78' lang='lat' dir='ltr'>prelo,</span> <span class='ocrx_word' id='word_1_177' title='bbox 1254 2997 1344 3085; x_wconf 90' lang='lat' dir='ltr'>dipoi</span> 
     </span>
     <span class='ocr_line' id='line_1_21' title="bbox 121 3113 1345 3208; baseline 0 -30"><span class='ocrx_word' id='word_1_178' title='bbox 121 3113 152 3178; x_wconf 92' lang='lat' dir='ltr'>di</span> <span class='ocrx_word' id='word_1_179' title='bbox 167 3125 314 3201; x_wconf 88' lang='lat' dir='ltr'>prouata</span> <span class='ocrx_word' id='word_1_180' title='bbox 329 3117 362 3183; x_wconf 90' lang='lat' dir='ltr'>la</span> <span class='ocrx_word' id='word_1_181' title='bbox 378 3137 480 3202; x_wconf 89' lang='lat' dir='ltr'>opera</span> <span class='ocrx_word' id='word_1_182' title='bbox 496 3137 556 3201; x_wconf 89' lang='lat' dir='ltr'>per</span> <span class='ocrx_word' id='word_1_183' title='bbox 573 3114 620 3202; x_wconf 86' lang='lat' dir='ltr'>gli</span> <span class='ocrx_word' id='word_1_184' title='bbox 636 3113 793 3208; x_wconf 70' lang='lat' dir='ltr'>censori,¹</span> <span class='ocrx_word' id='word_1_185' title='bbox 804 3115 974 3199; x_wconf 81' lang='lat' dir='ltr'>supposito</span> <span class='ocrx_word' id='word_1_186' title='bbox 995 3116 1059 3179; x_wconf 89' lang='lat' dir='ltr'>che</span> <span class='ocrx_word' id='word_1_187' title='bbox 1074 3113 1107 3180; x_wconf 93' lang='lat' dir='ltr'>io</span> <span class='ocrx_word' id='word_1_188' title='bbox 1122 3134 1192 3178; x_wconf 92' lang='lat' dir='ltr'>non</span> <span class='ocrx_word' id='word_1_189' title='bbox 1213 3115 1234 3178; x_wconf 86' lang='lat' dir='ltr'>l&#39;</span> <span class='ocrx_word' id='word_1_190' title='bbox 1247 3115 1293 3180; x_wconf 94' lang='lat' dir='ltr'>ho</span> <span class='ocrx_word' id='word_1_191' title='bbox 1309 3113 1345 3179; x_wconf 91' lang='lat' dir='ltr'>di</span> 
     </span>
     <span class='ocr_line' id='line_1_22' title="bbox 119 3227 1344 3318; baseline 0.003 -27"><span class='ocrx_word' id='word_1_192' title='bbox 119 3227 283 3318; x_wconf 87' lang='lat' dir='ltr'>bissogno</span> <span class='ocrx_word' id='word_1_193' title='bbox 298 3230 370 3317; x_wconf 83' lang='lat' dir='ltr'>pid,</span> <span class='ocrx_word' id='word_1_194' title='bbox 384 3251 481 3297; x_wconf 89' lang='lat' dir='ltr'>corne</span> <span class='ocrx_word' id='word_1_195' title='bbox 496 3228 589 3316; x_wconf 91' lang='lat' dir='ltr'>dipoi</span> <span class='ocrx_word' id='word_1_196' title='bbox 602 3227 688 3310; x_wconf 79' lang='lat' dir='ltr'>diro,</span> <span class='ocrx_word' id='word_1_197' title='bbox 703 3248 724 3294; x_wconf 92' lang='lat' dir='ltr'>o</span> <span class='ocrx_word' id='word_1_198' title='bbox 739 3228 767 3294; x_wconf 88' lang='lat' dir='ltr'>si</span> <span class='ocrx_word' id='word_1_199' title='bbox 784 3248 850 3294; x_wconf 91' lang='lat' dir='ltr'>con</span> <span class='ocrx_word' id='word_1_200' title='bbox 862 3227 910 3314; x_wconf 89' lang='lat' dir='ltr'>gli</span> <span class='ocrx_word' id='word_1_201' title='bbox 922 3227 1029 3293; x_wconf 87' lang='lat' dir='ltr'>scritti</span> <span class='ocrx_word' id='word_1_202' title='bbox 1046 3227 1171 3294; x_wconf 77' lang='lat' dir='ltr'>andart</span> <span class='ocrx_word' id='word_1_203' title='bbox 1189 3249 1210 3294; x_wconf 92' lang='lat' dir='ltr'>o</span> <span class='ocrx_word' id='word_1_204' title='bbox 1227 3229 1344 3296; x_wconf 91' lang='lat' dir='ltr'>Vene-</span> 
     </span>
     <span class='ocr_line' id='line_1_23' title="bbox 119 3341 1341 3431; baseline -0.002 -21"><span class='ocrx_word' id='word_1_205' title='bbox 119 3343 165 3410; x_wconf 86' lang='lat' dir='ltr'>tia</span> <span class='ocrx_word' id='word_1_206' title='bbox 184 3368 205 3413; x_wconf 94' lang='lat' dir='ltr'>o</span> <span class='ocrx_word' id='word_1_207' title='bbox 227 3348 336 3414; x_wconf 90' lang='lat' dir='ltr'>Roma</span> <span class='ocrx_word' id='word_1_208' title='bbox 355 3367 415 3431; x_wconf 92' lang='lat' dir='ltr'>per</span> <span class='ocrx_word' id='word_1_209' title='bbox 434 3344 458 3412; x_wconf 92' lang='lat' dir='ltr'>il</span> <span class='ocrx_word' id='word_1_210' title='bbox 474 3343 660 3413; x_wconf 88' lang='lat' dir='ltr'>medesimo</span> <span class='ocrx_word' id='word_1_211' title='bbox 679 3345 808 3412; x_wconf 83' lang='lat' dir='ltr'>effetto.</span> <span class='ocrx_word' id='word_1_212' title='bbox 832 3345 868 3410; x_wconf 92' lang='lat' dir='ltr'>lo</span> <span class='ocrx_word' id='word_1_213' title='bbox 884 3344 979 3427; x_wconf 88' lang='lat' dir='ltr'>parlo</span> <span class='ocrx_word' id='word_1_214' title='bbox 1002 3341 1037 3408; x_wconf 92' lang='lat' dir='ltr'>in</span> <span class='ocrx_word' id='word_1_215' title='bbox 1059 3353 1193 3426; x_wconf 86' lang='lat' dir='ltr'>questu,</span> <span class='ocrx_word' id='word_1_216' title='bbox 1216 3344 1341 3428; x_wconf 77' lang='lat' dir='ltr'>perche</span> 
     </span>
     <span class='ocr_line' id='line_1_24' title="bbox 119 3455 1341 3545; baseline 0.004 -24"><span class='ocrx_word' id='word_1_217' title='bbox 119 3455 217 3528; x_wconf 87' lang='lat' dir='ltr'>intesi</span> <span class='ocrx_word' id='word_1_218' title='bbox 229 3462 262 3528; x_wconf 89' lang='lat' dir='ltr'>la</span> <span class='ocrx_word' id='word_1_219' title='bbox 283 3460 425 3528; x_wconf 79' lang='lat' dir='ltr'>volunti</span> <span class='ocrx_word' id='word_1_220' title='bbox 441 3461 476 3526; x_wconf 91' lang='lat' dir='ltr'>di</span> <span class='ocrx_word' id='word_1_221' title='bbox 492 3461 536 3528; x_wconf 90' lang='lat' dir='ltr'>V.</span> <span class='ocrx_word' id='word_1_222' title='bbox 556 3461 596 3526; x_wconf 92' lang='lat' dir='ltr'><strong>P.</strong></span> <span class='ocrx_word' id='word_1_223' title='bbox 615 3459 714 3545; x_wconf 91' lang='lat' dir='ltr'>peril</span> <span class='ocrx_word' id='word_1_224' title='bbox 737 3461 778 3524; x_wconf 92' lang='lat' dir='ltr'><strong>P.</strong></span> <span class='ocrx_word' id='word_1_225' title='bbox 802 3457 974 3526; x_wconf 89' lang='lat' dir='ltr'>Florentio</span> <span class='ocrx_word' id='word_1_226' title='bbox 991 3459 1015 3537; x_wconf 79' lang='lat'>³,</span> <span class='ocrx_word' id='word_1_227' title='bbox 1034 3457 1166 3524; x_wconf 76' lang='lat' dir='ltr'>benche</span> <span class='ocrx_word' id='word_1_228' title='bbox 1184 3457 1207 3522; x_wconf 93' lang='lat' dir='ltr'>il</span> <span class='ocrx_word' id='word_1_229' title='bbox 1224 3458 1341 3526; x_wconf 90' lang='lat' dir='ltr'>mede-</span> 
     </span>
     <span class='ocr_line' id='line_1_25' title="bbox 115 3571 1343 3660; baseline 0.001 -23"><span class='ocrx_word' id='word_1_230' title='bbox 115 3572 203 3644; x_wconf 85' lang='lat' dir='ltr'>simo</span> <span class='ocrx_word' id='word_1_231' title='bbox 224 3577 336 3644; x_wconf 90' lang='lat' dir='ltr'>Padre</span> <span class='ocrx_word' id='word_1_232' title='bbox 361 3575 561 3644; x_wconf 87' lang='lat' dir='ltr'>desideraua</span> <span class='ocrx_word' id='word_1_233' title='bbox 588 3573 720 3660; x_wconf 84' lang='lat' dir='ltr'>magior</span> <span class='ocrx_word' id='word_1_234' title='bbox 740 3573 864 3639; x_wconf 77' lang='lat' dir='ltr'>certitu</span> <span class='ocrx_word' id='word_1_235' title='bbox 880 3572 914 3638; x_wconf 91' lang='lat' dir='ltr'>di</span> <span class='ocrx_word' id='word_1_236' title='bbox 930 3573 1043 3657; x_wconf 88' lang='lat' dir='ltr'>quella</span> <span class='ocrx_word' id='word_1_237' title='bbox 1059 3580 1093 3640; x_wconf 89' lang='lat' dir='ltr'>et</span> <span class='ocrx_word' id='word_1_238' title='bbox 1109 3592 1200 3638; x_wconf 90' lang='lat' dir='ltr'>noua</span> <span class='ocrx_word' id='word_1_239' title='bbox 1216 3571 1343 3638; x_wconf 88' lang='lat' dir='ltr'>ricom-</span> 
     </span>
     <span class='ocr_line' id='line_1_26' title="bbox 122 3686 1345 3773; baseline 0.001 -18"><span class='ocrx_word' id='word_1_240' title='bbox 122 3691 315 3758; x_wconf 84' lang='lat' dir='ltr'>mandation</span> <span class='ocrx_word' id='word_1_241' title='bbox 335 3691 393 3758; x_wconf 91' lang='lat' dir='ltr'>alli</span> <span class='ocrx_word' id='word_1_242' title='bbox 410 3689 512 3757; x_wconf 90' lang='lat' dir='ltr'>Padri</span> <span class='ocrx_word' id='word_1_243' title='bbox 527 3689 562 3754; x_wconf 90' lang='lat' dir='ltr'>di</span> <span class='ocrx_word' id='word_1_244' title='bbox 583 3688 728 3756; x_wconf 89' lang='lat' dir='ltr'>Fiandra</span> <span class='ocrx_word' id='word_1_245' title='bbox 744 3688 778 3753; x_wconf 90' lang='lat' dir='ltr'>di</span> <span class='ocrx_word' id='word_1_246' title='bbox 799 3696 888 3754; x_wconf 88' lang='lat' dir='ltr'>tutto</span> <span class='ocrx_word' id='word_1_247' title='bbox 903 3687 927 3752; x_wconf 94' lang='lat' dir='ltr'>il</span> <span class='ocrx_word' id='word_1_248' title='bbox 944 3686 1096 3773; x_wconf 87' lang='lat' dir='ltr'>negotio.</span> <span class='ocrx_word' id='word_1_249' title='bbox 1119 3687 1166 3754; x_wconf 88' lang='lat' dir='ltr'>Mi</span> <span class='ocrx_word' id='word_1_250' title='bbox 1183 3709 1264 3773; x_wconf 87' lang='lat' dir='ltr'>pare</span> <span class='ocrx_word' id='word_1_251' title='bbox 1280 3690 1345 3756; x_wconf 91' lang='lat' dir='ltr'>che</span> 
     </span>
     <span class='ocr_line' id='line_1_27' title="bbox 122 3802 1345 3893; baseline 0 -25"><span class='ocrx_word' id='word_1_252' title='bbox 122 3825 188 3872; x_wconf 89' lang='lat' dir='ltr'>non</span> <span class='ocrx_word' id='word_1_253' title='bbox 203 3807 233 3874; x_wconf 88' lang='lat' dir='ltr'>si</span> <span class='ocrx_word' id='word_1_254' title='bbox 248 3805 419 3893; x_wconf 80' lang='lat' dir='ltr'>stampati</span> <span class='ocrx_word' id='word_1_255' title='bbox 435 3806 552 3874; x_wconf 87' lang='lat' dir='ltr'>benec</span> <span class='ocrx_word' id='word_1_256' title='bbox 573 3802 595 3868; x_wconf 92' lang='lat' dir='ltr'>l’</span> <span class='ocrx_word' id='word_1_257' title='bbox 611 3824 714 3889; x_wconf 87' lang='lat' dir='ltr'>opera</span> <span class='ocrx_word' id='word_1_258' title='bbox 729 3823 832 3868; x_wconf 86' lang='lat' dir='ltr'>senza</span> <span class='ocrx_word' id='word_1_259' title='bbox 848 3813 971 3888; x_wconf 89' lang='lat' dir='ltr'>questo</span> <span class='ocrx_word' id='word_1_260' title='bbox 989 3802 1110 3870; x_wconf 89' lang='lat' dir='ltr'>Padre.</span> <span class='ocrx_word' id='word_1_261' title='bbox 1126 3803 1153 3868; x_wconf 92' lang='lat' dir='ltr'>Il</span> <span class='ocrx_word' id='word_1_262' title='bbox 1170 3802 1221 3868; x_wconf 88' lang='lat'>2.⁰</span> <span class='ocrx_word' id='word_1_263' title='bbox 1238 3804 1258 3868; x_wconf 79' lang='grc' dir='ltr'>ὁ</span> <span class='ocrx_word' id='word_1_264' title='bbox 1280 3805 1345 3869; x_wconf 91' lang='lat' dir='ltr'>che</span> 
     </span>
     <span class='ocr_line' id='line_1_28' title="bbox 124 3916 1346 4004; baseline -0.002 -21"><span class='ocrx_word' id='word_1_265' title='bbox 124 3917 154 3985; x_wconf 95' lang='lat' dir='ltr'>io</span> <span class='ocrx_word' id='word_1_266' title='bbox 169 3923 215 3989; x_wconf 90' lang='lat' dir='ltr'>mi</span> <span class='ocrx_word' id='word_1_267' title='bbox 230 3931 330 3991; x_wconf 88' lang='lat' dir='ltr'>sento</span> <span class='ocrx_word' id='word_1_268' title='bbox 346 3921 420 3988; x_wconf 81' lang='lat' dir='ltr'>cusi</span> <span class='ocrx_word' id='word_1_269' title='bbox 437 3919 504 3985; x_wconf 89' lang='lat' dir='ltr'>mal</span> <span class='ocrx_word' id='word_1_270' title='bbox 524 3918 676 4004; x_wconf 88' lang='lat' dir='ltr'>disposto</span> <span class='ocrx_word' id='word_1_271' title='bbox 696 3927 731 3985; x_wconf 91' lang='lat' dir='ltr'>et</span> <span class='ocrx_word' id='word_1_272' title='bbox 746 3916 933 3996; x_wconf 87' lang='lat' dir='ltr'>debilitato,</span> <span class='ocrx_word' id='word_1_273' title='bbox 952 3918 1018 3983; x_wconf 88' lang='lat' dir='ltr'>che</span> <span class='ocrx_word' id='word_1_274' title='bbox 1032 3939 1102 3982; x_wconf 94' lang='lat' dir='ltr'>non</span> <span class='ocrx_word' id='word_1_275' title='bbox 1119 3918 1222 3984; x_wconf 91' lang='lat' dir='ltr'>credo</span> <span class='ocrx_word' id='word_1_276' title='bbox 1245 3926 1346 4004; x_wconf 89' lang='lat' dir='ltr'>poter</span> 
     </span>
    </p>
   </div>
   <div class='ocr_carea' id='block_1_7' title="bbox 122 4119 1347 4554">
    <p class='ocr_par' dir='ltr' id='par_1_8' title="bbox 122 4119 1347 4270">
     <span class='ocr_line' id='line_1_29' title="bbox 172 4119 1347 4195; baseline -0.008 -13"><span class='ocrx_word' id='word_1_277' title='bbox 172 4136 189 4169; x_wconf 74' lang='lat'>⁸</span> <span class='ocrx_word' id='word_1_278' title='bbox 215 4127 280 4181; x_wconf 87' lang='lat' dir='ltr'>Hoc</span> <span class='ocrx_word' id='word_1_279' title='bbox 294 4126 378 4179; x_wconf 87' lang='lat' dir='ltr'>verb.</span> <span class='ocrx_word' id='word_1_280' title='bbox 393 4139 481 4195; x_wconf 86' lang='lat' dir='ltr'>supra</span> <span class='ocrx_word' id='word_1_281' title='bbox 498 4138 576 4176; x_wconf 86' lang='lat' dir='ltr'>vers.</span> <span class='ocrx_word' id='word_1_282' title='bbox 595 4119 716 4176; x_wconf 87' lang='lat' dir='ltr'>addidit.</span> <span class='ocrx_word' id='word_1_283' title='bbox 737 4119 829 4173; x_wconf 83' lang='lat' dir='ltr'><strong>N.—b</strong></span> <span class='ocrx_word' id='word_1_284' title='bbox 840 4119 901 4191; x_wconf 83' lang='lat' dir='ltr'>Sic,</span> <span class='ocrx_word' id='word_1_285' title='bbox 916 4134 969 4190; x_wconf 91' lang='lat' dir='ltr'>pro</span> <span class='ocrx_word' id='word_1_286' title='bbox 987 4119 1229 4176; x_wconf 62' lang='lat' dir='ltr'>transmeata-e</span> <span class='ocrx_word' id='word_1_287' title='bbox 1243 4119 1347 4192; x_wconf 88' lang='lat' dir='ltr'>Sequi·</span> 
     </span>
     <span class='ocr_line' id='line_1_30' title="bbox 122 4211 544 4270; baseline -0.012 -2"><span class='ocrx_word' id='word_1_288' title='bbox 122 4218 168 4267; x_wconf 80' lang='lat' dir='ltr'>tur</span> <span class='ocrx_word' id='word_1_289' title='bbox 182 4231 273 4270; x_wconf 88' lang='lat' dir='ltr'>unum</span> <span class='ocrx_word' id='word_1_290' title='bbox 292 4213 376 4267; x_wconf 87' lang='lat' dir='ltr'><strong>verb.</strong></span> <span class='ocrx_word' id='word_1_291' title='bbox 395 4211 544 4267; x_wconf 84' lang='lat' dir='ltr'>obliterat.</span> 
     </span>
    </p>

    <p class='ocr_par' dir='ltr' id='par_1_9' title="bbox 170 4382 1183 4462">
     <span class='ocr_line' id='line_1_31' title="bbox 170 4382 1183 4462; baseline -0.011 -12"><span class='ocrx_word' id='word_1_292' title='bbox 170 4395 178 4426; x_wconf 86' lang='lat'>¹</span> <span class='ocrx_word' id='word_1_293' title='bbox 215 4395 258 4449; x_wconf 86' lang='lat' dir='ltr'>Ex</span> <span class='ocrx_word' id='word_1_294' title='bbox 271 4390 465 4462; x_wconf 74' lang='lat' dir='ltr'>autographo,</span> <span class='ocrx_word' id='word_1_295' title='bbox 479 4387 510 4442; x_wconf 88' lang='lat' dir='ltr'>in</span> <span class='ocrx_word' id='word_1_296' title='bbox 523 4385 620 4459; x_wconf 78' lang='lat' dir='ltr'>Epist.</span> <span class='ocrx_word' id='word_1_297' title='bbox 640 4384 756 4452; x_wconf 66' lang='lat' dir='ltr'>Notat,</span> <span class='ocrx_word' id='word_1_298' title='bbox 772 4385 813 4452; x_wconf 87' lang='grc' dir='ltr'>ΙΙ,</span> <span class='ocrx_word' id='word_1_299' title='bbox 827 4382 938 4456; x_wconf 90' lang='lat' dir='ltr'>duplici</span> <span class='ocrx_word' id='word_1_300' title='bbox 951 4383 1014 4456; x_wconf 77' lang='lat' dir='ltr'>fol,</span> <span class='ocrx_word' id='word_1_301' title='bbox 1030 4397 1080 4453; x_wconf 84' lang='lat'>255</span> <span class='ocrx_word' id='word_1_302' title='bbox 1095 4387 1183 4456; x_wconf 87' lang='lat'><strong>(194).</strong></span> 
     </span>
    </p>

    <p class='ocr_par' dir='ltr' id='par_1_10' title="bbox 170 4471 1058 4554">
     <span class='ocr_line' id='line_1_32' title="bbox 170 4471 1058 4554; baseline -0.01 -17"><span class='ocrx_word' id='word_1_303' title='bbox 170 4486 180 4516; x_wconf 81' lang='lat'>²</span> <span class='ocrx_word' id='word_1_304' title='bbox 215 4483 346 4554; x_wconf 85' lang='lat' dir='ltr'>Joannes</span> <span class='ocrx_word' id='word_1_305' title='bbox 360 4473 553 4542; x_wconf 87' lang='lat' dir='ltr'>Rabenstein,</span> <span class='ocrx_word' id='word_1_306' title='bbox 566 4481 663 4529; x_wconf 87' lang='lat' dir='ltr'>rector</span> <span class='ocrx_word' id='word_1_307' title='bbox 675 4472 793 4543; x_wconf 85' lang='lat' dir='ltr'>collegii</span> <span class='ocrx_word' id='word_1_308' title='bbox 807 4471 1058 4542; x_wconf 80' lang='lat' dir='ltr'>ingolstadiensis.</span> 
     </span>
    </p>
   </div>
   <div class='ocr_carea' id='block_1_8' title="bbox 169 4561 939 4729">
    <p class='ocr_par' dir='ltr' id='par_1_11' title="bbox 169 4561 939 4729">
     <span class='ocr_line' id='line_1_33' title="bbox 169 4561 939 4640; baseline -0.014 -13"><span class='ocrx_word' id='word_1_309' title='bbox 169 4572 181 4604; x_wconf 75' lang='lat'><strong>³</strong></span> <span class='ocrx_word' id='word_1_310' title='bbox 216 4569 292 4626; x_wconf 84' lang='lat' dir='ltr'>Vide</span> <span class='ocrx_word' id='word_1_311' title='bbox 306 4568 404 4640; x_wconf 75' lang='lat' dir='ltr'>Epist.</span> <span class='ocrx_word' id='word_1_312' title='bbox 419 4564 536 4629; x_wconf 71' lang='lat' dir='ltr'>Natat,</span> <span class='ocrx_word' id='word_1_313' title='bbox 551 4564 573 4628; x_wconf 89' lang='lat'>1,</span> <span class='ocrx_word' id='word_1_314' title='bbox 588 4561 659 4618; x_wconf 82' lang='lat' dir='ltr'><strong>Cod.</strong></span> <span class='ocrx_word' id='word_1_315' title='bbox 674 4575 720 4626; x_wconf 86' lang='lat' dir='ltr'>ro,</span> <span class='ocrx_word' id='word_1_316' title='bbox 734 4577 801 4634; x_wconf 80' lang='lat' dir='ltr'>pag.</span> <span class='ocrx_word' id='word_1_317' title='bbox 816 4574 939 4616; x_wconf 83' lang='lat' dir='ltr'><strong>xxxvu.</strong></span> 
     </span>
     <span class='ocr_line' id='line_1_34' title="bbox 171 4647 860 4729; baseline -0.015 -15"><span class='ocrx_word' id='word_1_318' title='bbox 171 4661 182 4694; x_wconf 82' lang='lat'><strong>⁴</strong></span> <span class='ocrx_word' id='word_1_319' title='bbox 216 4659 250 4713; x_wconf 91' lang='lat' dir='ltr'>P.</span> <span class='ocrx_word' id='word_1_320' title='bbox 265 4659 396 4729; x_wconf 85' lang='lat' dir='ltr'>Joannes</span> <span class='ocrx_word' id='word_1_321' title='bbox 409 4651 590 4708; x_wconf 85' lang='lat' dir='ltr'>Zouhovius.</span> <span class='ocrx_word' id='word_1_322' title='bbox 604 4649 679 4704; x_wconf 85' lang='lat' dir='ltr'>Vide</span> <span class='ocrx_word' id='word_1_323' title='bbox 693 4648 780 4721; x_wconf 85' lang='lat' dir='ltr'>epist.</span> <span class='ocrx_word' id='word_1_324' title='bbox 795 4647 860 4704; x_wconf 80' lang='lat'><strong>603.</strong></span> 
     </span>
    </p>
   </div>
   <div class='ocr_carea' id='block_1_9' title="bbox 168 4735 1118 4810">
    <p class='ocr_par' dir='ltr' id='par_1_12' title="bbox 168 4735 1118 4810">
     <span class='ocr_line' id='line_1_35' title="bbox 168 4735 1118 4810; baseline -0.012 -7"><span class='ocrx_word' id='word_1_325' title='bbox 168 4747 182 4781; x_wconf 77' lang='lat'>⁸</span> <span class='ocrx_word' id='word_1_326' title='bbox 216 4745 361 4802; x_wconf 86' lang='lat' dir='ltr'>Martinus</span> <span class='ocrx_word' id='word_1_327' title='bbox 374 4740 552 4809; x_wconf 83' lang='lat' dir='ltr'>Florentius,</span> <span class='ocrx_word' id='word_1_328' title='bbox 565 4738 602 4794; x_wconf 84' lang='lat' dir='ltr'>de</span> <span class='ocrx_word' id='word_1_329' title='bbox 615 4755 673 4810; x_wconf 91' lang='lat' dir='ltr'>quo</span> <span class='ocrx_word' id='word_1_330' title='bbox 686 4737 754 4792; x_wconf 88' lang='lat' dir='ltr'>vide</span> <span class='ocrx_word' id='word_1_331' title='bbox 767 4736 854 4808; x_wconf 87' lang='lat' dir='ltr'>epist.</span> <span class='ocrx_word' id='word_1_332' title='bbox 869 4737 931 4807; x_wconf 86' lang='lat'>596,</span> <span class='ocrx_word' id='word_1_333' title='bbox 945 4735 999 4805; x_wconf 85' lang='lat'>605</span> <span class='ocrx_word' id='word_1_334' title='bbox 1013 4745 1043 4792; x_wconf 88' lang='lat' dir='ltr'>et</span> <span class='ocrx_word' id='word_1_335' title='bbox 1055 4736 1118 4794; x_wconf 89' lang='lat'><strong>608.</strong></span> 
     </span>
    </p>
   </div>
   <div class='ocr_carea' id='block_1_10' title="bbox 0 0 1758 5386">
    <p class='ocr_par' dir='ltr' id='par_1_13' title="bbox 0 0 1758 5386">
     <span class='ocr_line' id='line_1_36' title="bbox 0 0 1758 5386; baseline 0 0"><span class='ocrx_word' id='word_1_336' title='bbox 0 0 1758 5386; x_wconf 95' lang='lat' dir='ltr'> </span> 
     </span>
    </p>
   </div>
  </div>
 </body>
</html>
