3494 5392
336 433 368 476 vt
662 422 854 478 Pnooamuu
872 431 978 475 annau
996 429 1166 477 voruumrs

298 571 439 640 luminis
464 573 648 643 editionem
679 585 848 661 repertae,
871 593 957 658 quas
983 571 1019 638 in
1040 571 1278 658 Supplemento
1294 568 1401 636 totius
1428 567 1531 638 seriei

299 695 402 762 simul
422 696 541 764 ordine
561 698 807 786 chronologico
830 698 1046 782 reponendas
1073 694 1233 761 duximus
1255 694 1299 762 ad
1316 693 1444 761 calcem
1460 694 1528 758 hu-

295 822 355 906 jus
366 821 566 913 ¹voluminis.

367 947 488 1014 Exstat
499 958 676 1034 praeterea
688 946 812 1034 ingens
824 966 988 1013 numerus
998 944 1230 1030 epistolarum,
1240 943 1295 1011 vel
1306 963 1326 1008 a
1336 941 1462 1021 Natali,
1472 941 1528 1008 vel

301 1072 376 1158 ejus
393 1074 540 1156 nomine,
559 1077 603 1142 ad
625 1073 820 1142 universam
836 1071 1044 1142 Societatem
1068 1070 1271 1156 scriptarum
1295 1090 1336 1137 eo
1361 1078 1528 1154 tempore,

303 1220 372 1285 quo
387 1199 443 1266 ille
455 1199 573 1266 vicarii
590 1200 760 1287 generalis
774 1199 887 1267 officio
909 1199 1118 1284 fungebatur
1138 1216 1201 1282 pro
1216 1192 1370 1283 generali
1385 1213 1531 1280 praepo-

303 1323 369 1390 sito
386 1323 525 1411 Borgia,
549 1323 608 1409 qui
628 1323 664 1390 in
680 1323 881 1410 Hispaniam
899 1347 918 1392 a
934 1344 1069 1389 summo
1085 1319 1248 1407 pontifice
1264 1317 1328 1385 Pio
1347 1320 1392 1400 V,
1418 1338 1536 1386 comes

305 1448 487 1515 cardinalis
502 1449 739 1530 Alexandrini,
762 1450 805 1516 ad
826 1469 944 1535 regem
959 1446 1155 1532 Philippum
1184 1443 1309 1510 missus
1325 1445 1450 1510 fuerat.
1469 1442 1536 1509 His

303 1575 457 1658 profecto
468 1572 590 1642 litteris
604 1576 703 1661 plura
719 1583 857 1642 nostrae
873 1571 973 1642 seriei
990 1569 1164 1638 volumina
1178 1568 1319 1656 implere
1340 1588 1532 1656 possemus3

305 1700 348 1764 ab
364 1697 405 1764 iis
421 1708 536 1767 tamen
552 1701 620 1765 hoc
635 1699 711 1765 loco
726 1698 868 1766 edendis
885 1695 985 1766 nobis
997 1694 1238 1764 abstinendum
1250 1692 1532 1775 existimavimus3

304 1821 384 1890 licet
400 1821 492 1890 enim
508 1843 528 1889 a
543 1821 656 1889 Natali
672 1823 772 1890 datae
789 1821 928 1905 fuerint,
946 1822 990 1888 ad
1006 1819 1169 1907 Borgiam
1185 1818 1299 1906 potius
1311 1827 1465 1905 spectare
1482 1816 1534 1884 vi-

305 1947 441 2028 dentur,
460 1947 560 2033 cujus
584 1946 722 2016 nomine
741 1957 776 2016 et
792 1947 1008 2028 auctoritate,
1027 1947 1068 2014 P.
1091 1943 1223 2012 Natalis
1244 1942 1450 2013 Societatem
1467 1962 1537 2028 gu-

308 2073 489 2141 bernabat.
508 2073 641 2139 Paucas
661 2072 884 2139 nihilominus
905 2094 947 2138 ex
968 2071 1088 2140 iisdem
1108 2069 1165 2137 hic
1187 2069 1387 2136 inserendas
1402 2066 1535 2136 censui·

308 2217 397 2277 muS,
422 2217 511 2281 quae
538 2197 582 2264 ad
604 2197 736 2264 Natalis
763 2208 862 2283 gesta
888 2195 1089 2263 illustranda
1110 2195 1296 2262 collaturae
1319 2192 1539 2272 videbantur,

186 2329 189 2336 '
310 2317 557 2406 praetermissis
580 2319 751 2388 interdum
778 2319 1014 2408 paragraphis
1037 2341 1127 2405 quae
1150 2319 1194 2386 ad
1216 2318 1374 2386 Natalem
1401 2315 1542 2386 minime

311 2455 482 2531 spectant.
501 2445 544 2511 Et
560 2445 647 2511 haec
662 2445 707 2512 de
722 2444 822 2530 copia
837 2455 1150 2514 monumentorum.

376 2571 428 2637 De
450 2569 580 2636 ratione
600 2580 715 2639 autem
735 2591 756 2636 a
776 2568 877 2637 nobis
898 2580 1034 2638 servata
1055 2568 1089 2634 in
1109 2568 1245 2636 illorum
1268 2566 1430 2647 editione,
1449 2565 1540 2632 dixi·
1596 2563 1598 2568 ’

310 2715 387 2761 mus
399 2694 470 2778 jam
486 2693 521 2759 in
537 2693 746 2780 praefatione
759 2694 924 2782 generali,
947 2714 1036 2778 quae
1056 2695 1203 2762 habetur
1220 2693 1255 2760 in
1274 2691 1349 2778 ipso
1370 2689 1544 2758 vestibulo

314 2817 414 2905 primi
430 2816 628 2901 voluminis,
646 2839 752 2905 pagg.
771 2839 929 2887 xx-xxn.
1048 2890 1052 2899 ,

384 3212 417 3264 2.
465 3193 699 3280 Epistolarum
712 3199 743 3260 ct
754 3201 1051 3286 monumentorum
1062 3194 1306 3282 genera-Ut
1316 3191 1468 3278 priorum
1480 3211 1545 3257 vo-

318 3319 498 3400 luminum,
516 3317 564 3385 ita
579 3321 682 3405 hujus
693 3329 915 3386 monumenta
931 3318 974 3385 ad
991 3318 1146 3386 intimam
1163 3316 1296 3386 Natalis
1308 3338 1386 3384 cum
1398 3336 1547 3404 praepo-

319 3442 393 3510 sitis
413 3443 631 3531 generalibus
654 3443 836 3514 Societatis
852 3443 1197 3512 communicationem
1217 3443 1262 3512 de
1276 3439 1546 3539 provinciarum,

320 3568 544 3656 collegiorum
565 3580 600 3638 et
619 3590 840 3654 personarum
861 3569 1022 3657 negotiis,
1040 3590 1166 3656 magna
1194 3591 1237 3638 ex
1263 3579 1362 3654 parte
1385 3565 1544 3636 attinent.

319 3693 419 3762 Unde
432 3692 531 3760 facile
543 3691 746 3780 intelligitur
756 3692 924 3779 ejusmodi
936 3693 1099 3780 epistolas
1115 3691 1399 3780 historiographis
1410 3691 1547 3779 potissi·

320 3839 414 3885 mum
433 3817 547 3900 utiles,
573 3839 618 3885 ne
633 3816 744 3885 dicam
767 3818 989 3899 necessarias,
1015 3817 1271 3901 existimandas‚
1295 3827 1334 3884 ut
1349 3837 1464 3883 rerum
1482 3837 1546 3903 ge-

321 3953 453 4023 starum
465 3942 645 4012 veritatem
657 3942 829 4031 attingere
840 3953 980 4029 queant.
996 3945 1039 4011 Et
1050 3945 1116 4012 hoc
1129 3965 1257 4032 genere
1269 3943 1465 4012 continetur
1480 3961 1549 4010 ma·

323 4067 413 4134 xima
433 4055 629 4135 nostrorr'tm
650 4078 949 4136 monumentorum
965 4090 1056 4155 pars.
1075 4070 1164 4138 Sunt
1181 4068 1401 4136 nihilominus
1421 4077 1457 4136 et
1473 4066 1551 4148 alia,

324 4192 413 4261 inter
436 4212 525 4277 quae
548 4192 696 4280 primum
722 4193 836 4261 locum
858 4193 923 4262 sibi
948 4192 1126 4261 vindicant
1149 4194 1314 4261 nonnulla
1337 4191 1455 4279 magni
1479 4212 1555 4257 mo-

325 4317 431 4386 menti
447 4318 666 4401 documenta,
683 4341 704 4386 a
720 4319 790 4388 PP.
808 4319 936 4402 Natali,
954 4318 1094 4387 Canisio
1109 4329 1144 4388 et
1159 4319 1327 4386 Ledesma
1347 4315 1551 4402 subscripta,

325 4453 360 4508 et
377 4441 525 4530 Borgiae
540 4443 632 4524 data,
650 4455 690 4509 ut
705 4455 825 4511 sancto
842 4442 906 4511 Pio
921 4445 966 4526 V,
985 4445 1028 4512 de
1044 4444 1140 4511 exitu
1155 4453 1356 4536 conventus¹
1369 4439 1554 4528 augustani

325 4566 490 4650 sollicito,
514 4568 773 4652 exhiberentur3
797 4590 885 4655 quae
906 4569 1044 4655 quidem
1065 4568 1139 4637 aliis
1160 4566 1328 4636 similibus
1347 4586 1553 4656 monumen·
