3404 5380
388 430 442 488 230
777 429 881 486 Eersr.
902 428 936 483 P.
957 426 1160 494 Neam-423

351 583 446 650 buon
461 585 545 648 hora
561 581 763 647 confirmato
784 578 999 668 prouintiale,
1017 588 1052 646 et
1068 579 1176 646 libero
1193 580 1281 647 della
1296 580 1433 666 predica
1448 580 1484 645 d'
1505 581 1605 646 Au·-

353 709 472 786 gusta,
495 717 556 783 per
571 707 667 782 poter
684 696 861 763 attendere
876 718 897 763 a
911 715 974 762 sua
989 692 1175 781 prouintia.
1199 694 1243 762 Di
1259 716 1377 760 nuouo
1392 693 1437 760 mi
1460 715 1603 761 racco-

352 815 478 880 mando
492 813 580 880 nelle
596 809 740 878 orationi
756 809 790 876 di
807 812 854 878 V.
874 812 919 879 R.
938 809 982 876 Di
996 811 1116 890 Roma,
1130 809 1153 874 li
1171 829 1190 894 3
1206 810 1241 876 di
1256 811 1449 879 Settembre
1470 811 1589 894 1566.

421 951 454 1016 9.
502 928 529 993 ll
541 925 659 1018 signor
671 925 893 992 arciuescouo
905 924 940 990 di
954 927 1068 1012 Praga
1087 924 1156 989 ¹mi
1167 924 1291 1004 scriue,
1310 926 1595 992 raccomandan-

355 1047 400 1111 do
415 1044 445 1110 si
460 1041 582 1110 accetti
600 1064 647 1108 un
659 1039 865 1108 monasterio
876 1041 1012 1108 deserto
1025 1061 1090 1107 con
1103 1039 1194 1108 mille
1205 1039 1310 1107 daleri
1322 1042 1366 1108 de
1380 1039 1507 1106 intrata
1525 1041 1596 1108 nel

355 1181 457 1247 paese
473 1160 529 1226 del
544 1160 650 1224 baron
667 1157 711 1223 de
727 1156 843 1223 Rossis
859 1156 885 1238 ¹,
904 1177 972 1221 non
989 1165 1087 1241 tropo
1103 1154 1252 1223 discosto
1268 1155 1304 1222 di
1329 1159 1442 1242 Praga
1458 1157 1484 1221 ³.
1505 1157 1548 1222 Io
1567 1154 1596 1220 li

358 1274 530 1360 rispond0,
549 1276 613 1339 che
629 1293 699 1339 non
716 1293 754 1338 so
769 1272 802 1339 le
818 1271 910 1338 forze
928 1273 993 1339 che
1012 1273 1141 1340 hauera
1160 1282 1277 1338 nostra
1293 1271 1508 1364 Compagnia
1524 1293 1605 1357 per

358 1389 482 1476 pigliar
497 1398 619 1473 questo
635 1398 787 1466 assunto,
805 1388 940 1453 macha
956 1384 1100 1454 scriuiro
1116 1408 1135 1452 a
1151 1389 1197 1454 V.
1221 1389 1278 1466 R.,
1301 1387 1380 1472 qual
1400 1388 1506 1454 credo
1522 1389 1599 1452 ha-

359 1507 443 1573 uera
458 1503 548 1569 uisto
568 1504 726 1587 quelche
743 1500 957 1580 offeriscono,
980 1521 1001 1567 0
1020 1523 1122 1588 preso
1146 1503 1261 1568 buona
1279 1501 1535 1584 informatione,
1558 1512 1601 1567 et

360 1621 451 1687 forse
465 1621 573 1685 anche
584 1619 607 1682 l'
626 1619 753 1684 hauera
769 1617 854 1682 latta
870 1615 1015 1702 risposta
1030 1616 1066 1682 in
1082 1616 1265 1702 presentia.
1290 1617 1437 1702 Quando
1452 1637 1545 1702 pure
1565 1615 1597 1682 si

359 1733 496 1802 hauessi
511 1733 546 1799 di
567 1742 706 1798 trattare
733 1730 937 1800 seriamente
963 1730 998 1797 di
1025 1742 1148 1816 questo
1176 1731 1328 1818 negotiO,
1358 1731 1460 1798 diami
1489 1731 1598 1798 auiso

360 1853 404 1918 V.
424 1853 464 1916 R.
483 1848 517 1916 di
534 1849 612 1935 quel
628 1850 693 1916 che
709 1845 757 1933 gli
773 1867 865 1931 pare.
884 1847 950 1913 Del
965 1856 1135 1913 contratto
1151 1846 1185 1912 di
1201 1846 1341 1932 Dilinga
1363 1846 1393 1912 si
1414 1847 1599 1912 mandano

362 1965 474 2032 alcuni
489 1963 621 2048 dubbij,
639 1962 663 2028 li
679 1961 770 2048 quali
787 1983 856 2027 non
872 1961 901 2026 si
922 1960 1116 2030 risoluendo
1136 1961 1367 2028 chiaramente
1387 1983 1489 2028 senza
1510 1982 1597 2026 mo-

361 2079 472 2147 strarli
488 2080 544 2145 all'
566 2079 671 2144 lllmo.
690 2076 852 2158 cardinal,
870 2099 907 2144 se
922 2075 946 2142 li
961 2087 1129 2164 potranno
1149 2087 1329 2144 mostrare:
1347 2077 1450 2143 credo
1470 2075 1500 2141 si
1515 2075 1600 2142 dri-

363 2217 510 2262 zaranno
525 2195 556 2261 al
573 2196 613 2260 P.
634 2192 782 2260 Canisio.
802 2191 840 2260 Si
857 2203 1027 2278 potranno
1040 2192 1181 2258 mandar
1193 2190 1316 2276 cinque
1328 2215 1387 2278 per
1403 2191 1426 2257 il
1441 2191 1599 2278 collegio

362 2309 571 2396 germanico,
589 2307 798 2376 intendendo
814 2307 894 2376 delli
907 2307 1039 2393 poueri,
1054 2309 1179 2394 perche
1190 2307 1266 2374 altri
1280 2307 1364 2374 tanti
1377 2306 1406 2373 si
1418 2307 1599 2373 mundano

363 2425 398 2491 di
414 2446 496 2510 qua.
519 2426 563 2491 D.
583 2425 625 2492 V.
643 2426 685 2490 R.
705 2422 819 2491 sieruo
834 2443 878 2490 en
894 2422 973 2506 X.⁰,

1192 2539 1408 2606 anucrsco.

930 2677 1021 2740 ‘1⁸28

694 2806 734 2871 P.
760 2804 1069 2873 HIERONYMUS
1094 2804 1259 2872 NADAL

635 2917 1125 2976 PATR1Lnunanr10
1157 2917 1321 2976 uacuo
1430 2927 1434 2936 ·

726 3037 871 3090 micea,
889 3025 906 3081 8
925 3037 1121 3082 septennem
1136 3025 1204 3095 1566
1214 3031 1244 3102 ⁴,

406 3141 538 3197 Litterae
553 3145 703 3214 patentes,
721 3141 829 3212 quibus
848 3140 1032 3196 Laurentius
1050 3141 1176 3215 Magius
1193 3141 1395 3214 provincialis
1412 3141 1559 3198 Austriee

919 3234 1052 3288 creatur.

431 3350 530 3436 Jhus
545 3350 675 3415 Doctor
688 3345 919 3432 Hieronymus
931 3346 1075 3428 Natalis,
1086 3346 1369 3436 SocietatisJesu,
1380 3369 1439 3434 per
1451 3358 1604 3432 quatuor

371 3463 548 3548 vtriusque
563 3462 771 3532 Germaniae
790 3462 983 3549 prouincias
1003 3461 1170 3543 visitator,
1189 3461 1389 3529 charissimo
1407 3462 1442 3528 in
1459 3461 1603 3530 Christo

373 3577 467 3647 fratri
482 3578 614 3645 doctori
627 3577 812 3645 Laurentio
825 3578 980 3666 MaggiO,
995 3578 1162 3646 sacerdoti
1174 3588 1311 3646 nostrae
1323 3577 1504 3647 Societatis
1516 3601 1601 3665 pro-

370 3695 473 3774 fessu,
496 3694 641 3760 salutem
665 3692 699 3758 in
722 3714 776 3774 ec,
802 3693 861 3778 qui
884 3702 937 3762 est
959 3714 1041 3762 uera
1065 3694 1169 3760 salus.
1196 3695 1312 3780 Quum
1333 3693 1428 3760 iuxta
1448 3692 1600 3760 instituti

370 3808 479 3876 nostri
496 3807 661 3876 rationem
676 3809 798 3875 doctor
818 3808 980 3877 Nicolaus
995 3811 1168 3894 Lanoyus,
1186 3808 1404 3895 prouincialis
1420 3807 1599 3891 Austriae,

373 3923 569 4004 Bohemiae,
588 3945 628 3992 ac
646 3923 819 4010 Vngariae
834 3935 869 3990 et
885 3923 1060 4006 Poloniae,
1073 3924 1129 4006 sit,
1145 3933 1221 4010 post
1238 3923 1420 3990 triennium
1433 3945 1501 4009 quo
1519 3923 1600 3993 reli-

375 4037 472 4126 giose
499 4060 538 4106 ac
565 4038 737 4126 sapienter
764 4038 973 4124 prouinciam
1001 4059 1098 4106 suam
1126 4038 1345 4127 gubernauit,
1367 4060 1603 4108 successorem

375 4164 601 4240 accepturus:
621 4164 656 4222 et
673 4156 715 4221 de
731 4153 822 4222 vitae
838 4164 918 4222 tuae
938 4152 1152 4241 integritate,
1171 4177 1211 4222 ac
1232 4153 1415 4242 religione,
1433 4153 1602 4235 doctrina,

432 4369 441 4402 ¹
480 4368 629 4424 Antonius
643 4370 728 4424 Brus.
854 4373 865 4404 ¹
903 4368 1080 4426 Guilielmus
1092 4368 1129 4425 de
1142 4369 1240 4424 Rosia.
1253 4369 1329 4424 Vide
1343 4369 1433 4442 epist.
1451 4367 1515 4438 432,
1530 4385 1565 4423 n..
1575 4368 1603 4421 ὁ.

432 4456 444 4488 ³
479 4455 626 4513 Trebona.
641 4456 717 4512 Vide
730 4457 818 4529 epist.
832 4456 895 4529 432,
909 4475 959 4513 nn.
972 4474 990 4528 4
1003 4455 1064 4513 eto

434 4545 447 4578 ⁴
483 4545 527 4599 Ex
540 4546 711 4617 archetypo,
725 4563 742 4600 a
756 4546 875 4601 librario
893 4554 1023 4611 exarato,
1037 4553 1067 4602 et
1084 4546 1199 4602 Natalis
1217 4563 1304 4602 manu
1322 4545 1499 4619 subscripto,
1512 4545 1545 4601 in
1556 4561 1604 4601 co-

379 4629 445 4685 dice
469 4631 517 4686 cui
531 4631 644 4688 titulus:
661 4632 793 4690 Litterae
807 4637 944 4707 patentes
956 4647 1030 4704 1545
1042 4665 1053 4677 ·
1063 4649 1116 4705 99,
1130 4633 1240 4708 duplici
1253 4633 1323 4704 tol,
1336 4632 1381 4690 63.
