3404 5380
393 486 444 546 19⁰
771 469 877 526 Eeisr.
898 467 932 522 P.
952 464 1091 524 Nnnan-
1103 479 1156 535 4¹5

353 627 425 714 ylo
440 626 561 692 mismo
576 647 595 691 a
617 621 789 689 mostrado
805 627 825 686 a
853 621 905 686 los
932 619 979 686 de
992 616 1188 698 Monachio,
1212 637 1310 684 como
1326 637 1382 683 me
1406 612 1582 684 escriuen.

351 745 443 812 Creo
459 763 525 826 que
540 745 624 806 aura
640 737 781 824 perdicio
800 736 946 823 algunas
966 735 1121 801 sombras
1144 753 1213 819 que
1233 737 1324 800 tenta
1343 733 1387 800 de
1406 740 1581 809 nosotros,

351 879 452 925 como
467 866 560 924 estos
582 854 711 922 Padres
732 849 906 919 temian'⁸.
930 853 1006 918 Por
1020 855 1092 916 esta
1107 871 1152 916 no
1171 867 1308 915 occorre
1326 853 1402 912 otra
1421 867 1510 912 oasa.
1534 845 1585 910 El

350 973 461 1040 Senior
476 993 533 1038 sca
554 991 616 1036 con
636 973 801 1034 nosotros.
830 966 906 1034 Ora
923 974 992 1052 pro
1013 965 1119 1046 nobis,
1136 967 1255 1032 Pater.
1274 965 1331 1030 De
1351 963 1515 1050 Delinga,
1535 977 1583 1046 19

349 1088 394 1154 de
408 1087 496 1153 Iulio
513 1087 611 1170 1566.
630 1086 684 1150 De
708 1084 745 1150 V.
761 1084 805 1149 P.
823 1101 982 1148 seraone
999 1081 1075 1162 X.⁰,

1171 1203 1194 1293 t
1216 1205 1354 1381 Nept-
1379 1203 1402 1291 t

418 1433 602 1517 Inscriptio
616 1433 653 1497 in
669 1435 765 1496 sexta
776 1429 927 1516 pagina:
943 1426 1236 1516 †A1m01t0Rd0.
1255 1427 1290 1492 in
1300 1426 1438 1494 Christo
1454 1425 1582 1505 Padre‚

348 1551 375 1616 il
392 1550 501 1616 Padre
519 1551 566 1616 M.
587 1549 779 1613 Franccsco
793 1545 837 1610 de
854 1542 993 1630 Borgia‚
1008 1540 1180 1628 preposito
1192 1541 1352 1628 generale
1368 1541 1458 1610 della
1473 1541 1585 1607 Corn·

349 1663 478 1752 pognia
500 1663 535 1729 di
558 1659 708 1748 Giesu.†
730 1661 768 1726 ln
789 1661 908 1726 Roma.
934 1657 1016 1724 Alia
1031 1679 1152 1724 manu:
1171 1658 1266 1742 1566.
1282 1655 1433 1743 Dilinga.
1452 1658 1492 1723 P.
1507 1657 1583 1722 Na-

352 1780 432 1847 tale.
456 1797 494 1866 19
506 1779 550 1846 de
563 1775 698 1864 Luglio.
718 1775 760 1842 C.
779 1774 899 1862 Sigilli
916 1772 1113 1860 vestigium.

937 1914 1020 1976 atu

687 2025 727 2092 Ρ.
755 2022 1063 2091 HIERONYMUS
1086 2021 1250 2088 NADAL

608 2135 790 2196 SANCTO
815 2134 1076 2194 FRANCISCO
1101 2137 1159 2191 DE
1183 2134 1327 2207 BORjA

755 2246 921 2303 nminem,
936 2247 971 2288 20
983 2245 1061 2299 Jum
1076 2233 1144 2302 1566
1158 2237 1177 2286 ¹.

351 2350 378 2390 1.
399 2336 487 2390 Libro
508 2334 625 2389 comitis
644 2332 780 2404 palatini
801 2347 862 2386 non
883 2331 1138 2402 respondendum:
1156 2333 1287 2386 caesaris
1307 2347 1383 2402 erga
1405 2329 1585 2387 Societatem

388 2404 602 2478 benevolentia:
615 2421 728 2476 librum
748 2419 913 2474 Cltemnitii
929 2435 1021 2489 quam
1037 2420 1176 2490 primum
1194 2419 1429 2490 confutandum:
1444 2421 1480 2475 dc
1498 2421 1586 2475 nouis

389 2512 524 2584 collegiis
546 2509 736 2582 acceptandis
753 2509 887 2562 nondum
906 2508 1073 2578 quidquam
1091 2509 1187 2562 statui
1205 2513 1367 2580 posse-2.
1394 2508 1540 2580 Pontifex
1555 2513 1585 2564 et

388 2600 561 2657 cardinales
578 2600 614 2654 de
632 2597 717 2664 felici
732 2597 816 2652 exilu
833 2599 995 2652 concentus
1012 2597 1182 2669 augustani
1195 2597 1377 2669 gaudent.-
1388 2611 1417 2668 3.
1433 2595 1481 2652 De
1497 2597 1585 2653 colle·

384 2691 459 2764 giis,
471 2687 639 2759 Herbipoli,
654 2687 764 2759 Spirae
776 2691 804 2742 et
818 2686 969 2742 Olomutii
977 2685 1185 2740 instituendis:
1194 2685 1229 2740 de
1239 2684 1348 2740 itinere
1360 2686 1395 2740 P.
1411 2685 1540 2742 Thomna
1553 2690 1583 2740 et

388 2779 550 2832 sociorum:
564 2777 684 2832 litterae
697 2776 816 2830 indicae
829 2776 862 2829 in
875 2789 1041 2830 sermonem
1060 2773 1192 2828 latinum
1206 2775 1385 2830 translatae.
1399 2805 1413 2813 -
1422 2788 1454 2842 4.
1473 2773 1581 2830 Caesa·

389 2868 435 2922 ris
447 2871 475 2921 et
488 2865 694 2938 imperatricis
711 2863 837 2937 epistola
852 2868 909 2935 pro
926 2861 1053 2935 collegio
1069 2877 1274 2930 romana-5.
1301 2863 1466 2936 Theologus
1482 2863 1582 2937 ingol-

388 2956 558 3021 stadiensis,
574 2953 688 3024 aliique
701 2954 734 3007 in
747 2952 907 3024 collegium
918 2951 1132 3024 germanicum
1146 2951 1300 3006 mittendi:
1317 2953 1428 3006 iterum
1442 2953 1478 3006 de
1495 2951 1581 3007 colle·

385 3045 451 3118 giis
463 3043 672 3113 herbipolensi,
685 3041 816 3112 spirensi
827 3045 854 3094 et
871 3039 1064 3096 olomucensi:
1078 3041 1114 3095 de
1130 3039 1267 3112 Gaspare
1280 3041 1385 3114 anglo:
1397 3041 1582 3112 dispensatio

387 3139 447 3208 pro
468 3133 611 3205 pluribus
637 3131 817 3202 praebendis
840 3131 1032 3202 acceptandis
1056 3131 1094 3184 ab
1122 3148 1183 3185 uno
1211 3133 1369 3202 eodemque
1387 3131 1586 3186 canonico.-

390 3220 419 3276 6.
434 3222 599 3292 Episcopus
613 3219 756 3274 Surrenti
768 3223 796 3273 et
809 3220 934 3297 auditor
950 3219 1148 3274 Lancillottus
1160 3219 1316 3275 Societatis
1332 3220 1436 3274 amici:
1455 3221 1491 3275 dc
1508 3221 1586 3274 notis

390 3309 577 3381 simplicibus
590 3307 746 3362 Societatis
760 3324 818 3361 non
832 3308 982 3362 solvendis
994 3308 1056 3362 nisi
1069 3326 1089 3362 a
1101 3325 1220 3362 summo
1228 3307 1390 3381 pontifice:
1408 3309 1445 3364 P.
1465 3309 1546 3362 Pais
1558 3312 1587 3364 et

383 3396 516 3468 Jacobus
536 3395 811 3450 Valentianuscum
825 3396 864 3449 P.
883 3395 991 3450 Natali
1003 3396 1037 3450 in
1054 3397 1213 3465 Austriam
1232 3399 1402 3451 transeunt:
1419 3395 1542 3452 lectores
1558 3399 1587 3451 et

391 3485 584 3542 concionator
596 3482 810 3538 desiderantur
822 3485 856 3538 in
871 3483 1043 3539 Germania
1054 3485 1220 3557 superiori.
1228 3497 1291 3553 -7.
1306 3485 1347 3539 B.
1366 3482 1509 3540 Canisius
1514 3489 1587 3558 pro·

392 3572 544 3630 vincialis:
557 3574 690 3628 doctores
702 3573 867 3646 theologiae
880 3572 1001 3646 collegii
1014 3573 1280 3647 dilingensis.-8.
1295 3573 1342 3628 De
1355 3574 1392 3628 P.
1404 3574 1585 3646 Halpauer,

390 3664 432 3718 P.
449 3661 566 3726 Dirsio,
580 3665 608 3716 et
620 3662 656 3715 de
669 3661 800 3732 reginis.
810 3676 873 3729 -9.
892 3661 1024 3726 Natalis,
1032 3660 1167 3733 jamjam
1178 3661 1385 3734 profecturus,
1400 3659 1524 3718 Canisio
1538 3681 1586 3719 res

388 3751 566 3823 provinciae
578 3751 780 3806 commendat:
794 3749 964 3804 cardinalis
976 3755 1168 3824 augustanus
1179 3755 1207 3805 et
1220 3750 1354 3806 Natalis.

430 3866 458 3914 1.
506 3849 573 3914 Ihs.
598 3851 681 3932 Muy
701 3848 788 3913 Rdo.
811 3869 853 3914 en
877 3847 1015 3914 Christo
1036 3857 1176 3915 nuestro
1199 3849 1321 3916 Padre.
1346 3851 1418 3915 Pax
1438 3849 1579 3917 Christi.

412 4017 428 4050 a
447 4006 531 4076 Quae
545 4013 708 4078 sequuntur
721 4023 813 4078 usque
827 4003 965 4060 adfinem
979 4006 1121 4078 epistolae
1133 4015 1202 4062 sunt
1214 4008 1407 4080 autographa.

362 4102 559 4112 ...—

413 4140 422 4171 ¹
460 4137 504 4190 Ex
526 4138 696 4208 archetypo,
716 4138 754 4191 ab
772 4135 874 4207 ignoto
892 4135 1011 4192 librario
1028 4135 1148 4210 scripto,
1167 4147 1198 4194 et
1219 4154 1237 4192 a
1258 4138 1356 4193 Natali
1369 4139 1536 4210 subscripto
1553 4147 1583 4194 et

358 4221 525 4292 emendato,
540 4224 570 4280 in
584 4225 685 4298 Epist.
702 4225 820 4297 uarat,
833 4225 874 4296 11,
886 4224 995 4298 duplici
1013 4224 1077 4296 iol„
1097 4239 1147 4295 144
1168 4225 1243 4299 (130,
1259 4225 1334 4295 131).
1357 4227 1467 4296 Verba,
1485 4227 1584 4283 addita

359 4314 407 4369 vel
429 4311 572 4384 castigata
595 4332 682 4370 manu
703 4313 828 4386 Natalis,
851 4313 958 4370 litteris
980 4314 1087 4369 italicis
1109 4322 1255 4370 notamus.
1279 4315 1356 4371 Cum
1368 4316 1516 4387 librarius,
1534 4316 1584 4389 qui

360 4403 434 4456 hanc
451 4401 604 4472 epistotam
622 4402 764 4475 exaravit,
784 4419 842 4458 non
859 4405 936 4458 bene
953 4405 1073 4458 calleret
1092 4403 1221 4474 linguam
1239 4403 1431 4476 hispanicam,
1445 4407 1585 4460 nonnulla

359 4491 451 4544 verba
464 4507 615 4562 perperam
628 4490 756 4562 scripsit:
771 4509 802 4546 v.
819 4509 850 4562 g.
861 4497 918 4562 per
931 4493 994 4546 loco
1003 4497 1073 4564 por,
1091 4493 1318 4563 occupatissimo
1330 4509 1383 4564 pro
1400 4493 1583 4565 ocupadissi·

359 4593 420 4642 mo,
434 4586 493 4634 etc.
508 4579 613 4650 Aliqua
625 4580 753 4635 correxit
770 4579 894 4652 Natalis,
908 4579 964 4635 alia
978 4579 1110 4653 reliquit.
1136 4581 1197 4636 Nos
1214 4580 1352 4652 prudenti
1364 4581 1466 4638 lectori
1483 4598 1582 4637 emen·

358 4665 454 4722 danda
467 4666 669 4740 relinquimus,
683 4684 728 4740 ea,
741 4684 816 4741 quae
829 4668 949 4724 minoris
967 4670 1106 4725 momenti
1123 4669 1289 4740 videantur,
1299 4669 1455 4742 praecipua
1468 4669 1582 4726 dumta-
