3482 5386
828 500 933 556 Emer.
954 497 987 554 P.
1008 499 1122 556 Naum

941 733 1004 800 LX

706 865 744 921 P.
767 864 1015 923 FRANCISCUS
1034 863 1239 923 COSTERUS

633 1003 795 1051 seuero
830 1001 1064 1052 Fanuctsco
1098 1003 1151 1050 ne
1184 1001 1344 1078 BORJe

683 1115 854 1198 Gandavi,
870 1137 912 1201 30
924 1115 1127 1185 Novembris
1143 1115 1226 1200 1567
1241 1118 1265 1183 ¹.

544 1247 590 1303 De
603 1247 737 1321 collegiis
749 1249 975 1318 audomarensi,
988 1249 1190 1304 cameracensi
1201 1251 1230 1304 et
1241 1247 1397 1303 duacensi.

429 1365 536 1432 Rdus
557 1366 597 1432 P.
616 1363 750 1430 Natalis
766 1365 832 1429 hoc
848 1385 966 1431 mense
979 1361 1133 1430 visitauit
1144 1363 1326 1450 collegium
1339 1363 1448 1429 sancti
1460 1365 1584 1431 Audo-

361 1453 460 1534 mari,
477 1451 513 1542 in
528 1474 609 1537 quo,
627 1451 752 1518 auditis
767 1451 1038 1519 confessionibus
1053 1453 1214 1532 fratrum,
1238 1451 1348 1536 iisque
1367 1453 1582 1534 examinatis,

362 1551 443 1608 vota
470 1563 588 1610 eorum
615 1539 748 1625 excepit
775 1540 810 1606 in
838 1544 925 1609 testo
949 1540 1101 1607 omnium
1124 1551 1333 1610 sanctorum.
1359 1543 1486 1610 Postea
1506 1563 1583 1608 cum

362 1630 523 1717 episcopo
539 1629 610 1716 egit
625 1631 668 1695 de
684 1629 785 1696 rebus
801 1628 908 1696 nostri
923 1629 1072 1716 collegii,
1090 1639 1125 1696 et
1140 1630 1230 1699 inter
1250 1640 1385 1697 caetera
1405 1632 1449 1698 de
1470 1631 1582 1697 censi-

364 1721 442 1799 buS,
460 1739 546 1804 quos
562 1717 659 1784 nobis
674 1728 803 1786 emerat
819 1719 952 1800 Rmus.,
970 1718 1199 1801 mortizandis;
1218 1718 1401 1802 dequibus
1416 1739 1498 1786 cum
1517 1720 1582 1785 du·

364 1808 489 1876 bitaret
509 1808 548 1873 P.
572 1805 702 1874 Natalis
722 1828 765 1872 an
785 1805 873 1872 firmi
900 1818 1026 1887 essent,
1048 1807 1132 1873 citra
1152 1807 1421 1875 mortizationem
1442 1831 1465 1874 a
1485 1829 1580 1909 rege,

364 1896 539 1984 respondit
559 1894 738 1981 episcopus
758 1895 968 1963 firmissimos
987 1915 1075 1976 esse,
1097 1915 1162 1962 nec
1187 1917 1303 1980 regem
1325 1896 1360 1962 in
1385 1896 1461 1962 illos
1484 1917 1578 1980 quic·

364 2007 467 2070 quam
490 1983 573 2050 iuris
593 1985 760 2052 habere...
779 1987 831 2051 De
851 1984 1110 2053 confirmatione
1129 2007 1190 2071 per
1211 1985 1337 2051 bullam
1361 1985 1579 2071 apostolicam

366 2072 637 2148 fundationis&
663 2072 845 2139 dotationis
872 2074 1010 2159 collegii
1035 2073 1121 2140 dixit
1147 2073 1235 2141 idem
1257 2075 1377 2141 RmuS.
1400 2073 1484 2140 nihil
1505 2095 1579 2140 eme

365 2163 459 2248 quod
475 2161 580 2228 simus
596 2160 769 2230 solliciti...
788 2163 832 2227 de
846 2161 900 2228 his
915 2162 1070 2229 existimo
1086 2162 1187 2229 latius
1202 2163 1406 2248 scripturum
1418 2163 1461 2231 P.
1475 2165 1579 2230 Nata-

365 2251 445 2332 lem,
463 2250 552 2318 sicut
569 2272 606 2318 se
621 2252 789 2316 facturum
806 2250 944 2337 recepit.
963 2253 1072 2319 Multa
1087 2252 1258 2338 praeclare
1274 2250 1442 2316 ordinauit
1460 2251 1496 2317 in
1515 2253 1578 2318 hoc

365 2339 511 2427 collegio
527 2338 765 2406 audomarensi
781 2339 821 2408 P.
839 2339 982 2422 Natalis;
1000 2342 1060 2407 sed
1081 2339 1116 2405 in
1137 2362 1203 2406 vno
1226 2338 1325 2406 nobis
1347 2338 1579 2406 difficultatem

366 2451 525 2516 magnam
542 2427 689 2512 reliquit,
708 2429 798 2513 quod
811 2425 957 2496 noluerit
969 2440 1006 2494 vt
1017 2429 1086 2495 vlla
1097 2428 1199 2494 ianua
1211 2451 1253 2496 ex
1265 2428 1409 2514 collegio
1421 2431 1467 2495 ad
1479 2431 1578 2495 scho-

365 2518 416 2585 las
432 2527 575 2604 pateret,
594 2517 652 2584 sed
670 2516 776 2581 voluit
792 2526 829 2581 vt
845 2527 912 2583 tam
929 2516 1123 2584 scholastici
1143 2539 1243 2602 quam
1264 2528 1505 2603 praeceptores
1523 2538 1579 2602 per

366 2607 511 2693 plateam
529 2605 696 2690 publicam
713 2605 756 2670 ad
772 2605 921 2671 scholam
939 2607 1196 2692 egrederentur,
1219 2625 1297 2672 eum
1319 2615 1432 2672 tamen
1456 2627 1576 2692 magna

366 2695 411 2761 sit
426 2693 647 2761 commoditas
662 2694 803 2779 parandi
815 2695 1007 2780 ingressum
1019 2694 1054 2759 in
1067 2704 1183 2760 nostro
1195 2693 1340 2780 collegio
1351 2695 1426 2762 sine
1440 2707 1576 2762 externa

365 2786 431 2849 hac
446 2782 677 2850 distractione.
695 2782 805 2863 Ratio,
823 2803 911 2867 quae
927 2805 1004 2850 eum
1025 2784 1184 2850 mouebat
1200 2785 1284 2850 haec
1299 2793 1364 2862 est,
1382 2785 1475 2865 quod
1492 2783 1576 2849 dicat

365 2894 403 2939 se
419 2870 454 2936 in
470 2871 543 2936 aliis
563 2870 713 2954 collegiis
732 2871 998 2956 deprehendisse
1018 2893 1143 2957 magna
1165 2869 1374 2956 negligentia
1398 2881 1573 2939 transeun-

365 2959 451 3026 tium
466 2970 501 3026 et
517 2959 677 3031 ianitoris,
697 2960 783 3026 ostia
798 2959 994 3026 huiusmodi
1010 2970 1174 3046 perpetuo
1190 2971 1304 3045 aperta
1320 2959 1477 3043 relinqui.
1496 2961 1573 3028 Pre-

365 3067 425 3114 cor
440 3058 478 3113 vt
494 3050 535 3114 T.
559 3049 599 3116 P.
622 3047 802 3114 nobiscum
823 3047 857 3112 in
878 3050 943 3115 hac
964 3068 1000 3114 re
1023 3048 1237 3134 dispenset...
1266 3049 1434 3115 Absoluta
1462 3048 1573 3116 visita-

366 3135 461 3203 tione
476 3135 723 3215 audomarensi,
742 3137 896 3205 venimus
916 3139 1139 3204 Cameracum
1160 3138 1213 3220 7.ει
1233 3137 1336 3202 huius
1358 3137 1497 3216 mensis,
1521 3135 1574 3200 vbi

367 3247 446 3291 cum
463 3224 622 3310 episcopo
640 3224 752 3310 coepit
768 3247 871 3310 agere
887 3226 928 3294 P.
951 3225 1093 3307 Natalis
1116 3247 1204 3311 quae
1226 3225 1269 3290 ad
1293 3225 1475 3312 collegium
1499 3225 1575 3291 illud

367 3313 553 3401 pertinent.
572 3316 658 3380 Nam
675 3335 753 3380 cum
770 3314 949 3400 episcopus
965 3327 1142 3400 quaereret
1163 3337 1229 3400 qua
1248 3313 1379 3389 ratione
1400 3336 1463 3381 nos
1480 3312 1576 3380 semi-

367 3403 453 3470 narii
469 3424 584 3469 curam
601 3403 774 3487 suscipere
790 3403 966 3483 vellemus,
984 3403 1140 3489 exposuit
1155 3402 1202 3469 illi
1219 3403 1411 3469 institutum
1429 3402 1574 3471 Societa-

366 3491 410 3558 tis
426 3503 462 3559 et
477 3493 651 3559 decretum
672 3491 963 3578 congregationis,
986 3493 1124 3576 Iamque
1142 3491 1343 3560 dicebantur
1364 3491 1498 3559 venturi
1517 3489 1573 3557 ali·

366 3579 425 3664 qui
442 3579 594 3665 praelati,
617 3577 674 3662 qui
696 3581 739 3647 de
759 3579 825 3646 isto
844 3579 983 3666 negotio
1004 3590 1199 3662 tractarent,
1225 3578 1309 3645 nihil
1333 3590 1447 3648 tamen
1468 3581 1575 3648 adhue·

365 3670 555 3754 perfectum
572 3679 635 3746 est,
650 3667 804 3752 proinde,
823 3690 1057 3752 quaecumque
1073 3679 1148 3734 acta
1164 3668 1301 3748 fuerint,
1319 3669 1499 3754 diligenter
1513 3689 1573 3734 suo

364 3767 517 3842 tempore
533 3758 573 3824 P.
592 3759 636 3825 V.
654 3757 814 3826 scribam.
831 3759 869 3823 In
884 3760 948 3824 hoc
965 3757 1193 3826 cameracensi
1209 3757 1353 3844 collegio
1369 3779 1486 3826 omnes
1501 3778 1569 3823 cor-

365 3868 447 3931 pore
463 3856 497 3910 et
514 3845 633 3930 spiritu
654 3845 718 3910 Dei
734 3846 843 3930 gratia
858 3848 946 3914 bene
962 3847 1088 3914 valent.
1106 3845 1295 3912 Examinati
1310 3856 1391 3913 sunt
1405 3867 1521 3912 omnes
1538 3853 1568 3910 et

366 3956 429 4019 pro
445 3955 540 4000 more
557 3935 735 4018 generales
750 3933 981 4003 consessiones
998 3935 1258 4003 instituerunt...
1281 3935 1408 4003 Statuit
1427 3935 1474 4000 ibi
1493 3937 1568 4000 hae·

366 4044 441 4090 rere
457 4023 497 4090 P.
516 4021 646 4088 Natalis
662 4024 771 4089 donec
789 4023 948 4089 transitus
964 4022 998 4088 in
1015 4024 1160 4090 Galliam
1176 4023 1239 4110 ipsi
1255 4034 1397 4108 pateret.

433 4110 580 4177 Profecti
598 4109 676 4177 inde
698 4133 816 4177 sumus
837 4110 1087 4196 Aquecinctum
1108 4113 1152 4179 ad
1170 4113 1384 4179 salutandum
1408 4114 1568 4190 abbatem,

366 4199 425 4284 qui
441 4199 620 4264 nobiscum
637 4199 709 4284 egit
725 4201 769 4267 de
783 4199 927 4284 collegio
940 4222 959 4266 a
971 4223 1008 4267 se
1020 4199 1118 4267 nobis
1129 4201 1339 4268 instituendo
1350 4201 1470 4270 Duaci.
1484 4203 1571 4266 Haec

365 4310 420 4354 res
438 4289 536 4372 plene
552 4289 706 4358 confecta
723 4311 789 4354 non
808 4301 879 4356 erat
896 4311 949 4355 me
966 4300 1155 4372 praesente,
1174 4292 1233 4356 sed
1250 4313 1305 4357 me
1321 4293 1481 4374 prosecta,
1502 4285 1571 4352 dili·

365 4377 504 4462 gentius
520 4388 572 4443 est
590 4388 744 4443 tractata.
762 4379 848 4442 Nam
866 4387 1045 4462 postquam
1064 4399 1143 4443 cum
1161 4379 1200 4445 P.
1218 4379 1330 4446 Natali
1347 4389 1507 4463 quantum
1522 4397 1570 4440 sa-

366 4466 410 4530 tis
437 4488 512 4531 esse
533 4465 706 4530 iudicabat
728 4466 936 4545 mansissem,
959 4488 1081 4551 passus
1101 4479 1153 4534 est
1176 4489 1231 4534 me
1252 4466 1417 4554 proficisci
1441 4465 1572 4533 Ganda-

365 4603 577 4615 -1———u—-2

417 4667 423 4696 ¹
462 4667 505 4720 Ex
519 4670 710 4740 autographa,
724 4668 753 4722 in
770 4667 840 4723 Cori.
856 4681 894 4738 29
904 4669 952 4741 g),
966 4667 1033 4738 343.
1049 4669 1209 4742 Vide-pag.
1226 4669 1291 4739 598.
