<?xml version="1.0" encoding="UTF-8"?>
<!DOCTYPE html PUBLIC "-//W3C//DTD XHTML 1.0 Transitional//EN"
    "http://www.w3.org/TR/xhtml1/DTD/xhtml1-transitional.dtd">
<html xmlns="http://www.w3.org/1999/xhtml" xml:lang="en" lang="en">
 <head>
  <title>
</title>
<meta http-equiv="Content-Type" content="text/html;charset=utf-8" />
  <meta name='ocr-system' content='tesseract 3.04.00' />
  <meta name='ocr-capabilities' content='ocr_page ocr_carea ocr_par ocr_line ocrx_word'/>
</head>
<body>
  <div class='ocr_page' id='page_1' title='image "./epistolaephiero01nadagoog_0855.png"; bbox 0 0 3482 5386; ppageno 0'>
   <div class='ocr_carea' id='block_1_1' title="bbox 468 455 1190 512">
    <p class='ocr_par' dir='ltr' id='par_1_1' title="bbox 34 143 1190 592">
     <span class='ocr_line' id='line_1_1' title="bbox 468 455 1190 512; baseline 0.001 -2.625"><span class='ocrx_word' id='word_1_1' title='bbox 468 455 521 510; x_wconf 82' lang='lat'><strong>816</strong></span> <span class='ocrx_word' id='word_1_2' title='bbox 896 459 1001 512; x_wconf 74' lang='lat' dir='ltr'><strong>Enisa.</strong></span> <span class='ocrx_word' id='word_1_3' title='bbox 1021 455 1055 510; x_wconf 90' lang='lat' dir='ltr'><strong>P.</strong></span> <span class='ocrx_word' id='word_1_4' title='bbox 1076 455 1190 510; x_wconf 76' lang='lat' dir='ltr'><strong>Naum</strong></span> 
     </span>
    </p>
   </div>
   <div class='ocr_carea' id='block_1_2' title="bbox 427 606 1632 1578">
    <p class='ocr_par' dir='ltr' id='par_1_2' title="bbox 427 606 1632 1578">
     <span class='ocr_line' id='line_1_2' title="bbox 430 606 1632 694; baseline 0 -20"><span class='ocrx_word' id='word_1_5' title='bbox 430 606 598 694; x_wconf 87' lang='lat' dir='ltr'><strong>gouierno</strong></span> <span class='ocrx_word' id='word_1_6' title='bbox 614 608 704 675; x_wconf 91' lang='lat' dir='ltr'><strong>dela</strong></span> <span class='ocrx_word' id='word_1_7' title='bbox 719 606 920 694; x_wconf 69' lang='lat' dir='ltr'><strong>Compattia</strong></span> <span class='ocrx_word' id='word_1_8' title='bbox 938 611 1049 694; x_wconf 76' lang='lat' dir='ltr'><strong>segon</strong></span> <span class='ocrx_word' id='word_1_9' title='bbox 1066 627 1134 691; x_wconf 89' lang='lat' dir='ltr'><strong>que</strong></span> <span class='ocrx_word' id='word_1_10' title='bbox 1149 628 1190 673; x_wconf 92' lang='lat' dir='ltr'><strong>su</strong></span> <span class='ocrx_word' id='word_1_11' title='bbox 1206 606 1307 673; x_wconf 90' lang='lat' dir='ltr'>oficio</span> <span class='ocrx_word' id='word_1_12' title='bbox 1322 607 1489 694; x_wconf 78' lang='lat' dir='ltr'><strong>requiete,</strong></span> <span class='ocrx_word' id='word_1_13' title='bbox 1505 611 1547 674; x_wconf 89' lang='lat' dir='ltr'><strong>ha</strong></span> <span class='ocrx_word' id='word_1_14' title='bbox 1560 631 1632 675; x_wconf 90' lang='lat' dir='ltr'><strong>con-</strong></span> 
     </span>
     <span class='ocr_line' id='line_1_3' title="bbox 427 695 1631 782; baseline 0.001 -20"><span class='ocrx_word' id='word_1_15' title='bbox 427 696 575 762; x_wconf 88' lang='lat' dir='ltr'><strong>firmado</strong></span> <span class='ocrx_word' id='word_1_16' title='bbox 591 697 623 764; x_wconf 90' lang='lat' dir='ltr'><strong>al</strong></span> <span class='ocrx_word' id='word_1_17' title='bbox 640 698 679 762; x_wconf 92' lang='lat' dir='ltr'><strong>P.</strong></span> <span class='ocrx_word' id='word_1_18' title='bbox 698 697 800 763; x_wconf 92' lang='lat' dir='ltr'><strong>Natal</strong></span> <span class='ocrx_word' id='word_1_19' title='bbox 815 719 876 782; x_wconf 91' lang='lat' dir='ltr'><strong>por</strong></span> <span class='ocrx_word' id='word_1_20' title='bbox 893 695 1020 763; x_wconf 89' lang='lat' dir='ltr'><strong>vicario</strong></span> <span class='ocrx_word' id='word_1_21' title='bbox 1036 696 1177 782; x_wconf 83' lang='lat' dir='ltr'><strong>general</strong></span> <span class='ocrx_word' id='word_1_22' title='bbox 1193 717 1291 781; x_wconf 85' lang='lat' dir='ltr'><strong>suyo‚</strong></span> <span class='ocrx_word' id='word_1_23' title='bbox 1306 698 1537 782; x_wconf 84' lang='lat' dir='ltr'><strong>ycomettdole</strong></span> <span class='ocrx_word' id='word_1_24' title='bbox 1547 720 1631 767; x_wconf 81' lang='lat' dir='ltr'><strong>exer-</strong></span> 
     </span>
     <span class='ocr_line' id='line_1_4' title="bbox 429 784 1630 872; baseline 0.003 -23"><span class='ocrx_word' id='word_1_25' title='bbox 429 784 499 851; x_wconf 88' lang='lat' dir='ltr'>cite</span> <span class='ocrx_word' id='word_1_26' title='bbox 514 806 556 850; x_wconf 88' lang='lat' dir='ltr'><strong>su</strong></span> <span class='ocrx_word' id='word_1_27' title='bbox 571 785 686 852; x_wconf 81' lang='lat' dir='ltr'><strong>officio</strong></span> <span class='ocrx_word' id='word_1_28' title='bbox 702 806 745 850; x_wconf 92' lang='lat' dir='ltr'><strong>en</strong></span> <span class='ocrx_word' id='word_1_29' title='bbox 763 787 860 860; x_wconf 83' lang='lat' dir='ltr'><strong>todas</strong></span> <span class='ocrx_word' id='word_1_30' title='bbox 875 786 926 852; x_wconf 92' lang='lat' dir='ltr'><strong>las</strong></span> <span class='ocrx_word' id='word_1_31' title='bbox 941 784 1135 871; x_wconf 87' lang='lat' dir='ltr'><strong>prouincias</strong></span> <span class='ocrx_word' id='word_1_32' title='bbox 1154 785 1198 852; x_wconf 92' lang='lat' dir='ltr'><strong>de</strong></span> <span class='ocrx_word' id='word_1_33' title='bbox 1219 795 1360 852; x_wconf 88' lang='lat' dir='ltr'><strong>nuestra</strong></span> <span class='ocrx_word' id='word_1_34' title='bbox 1381 787 1561 872; x_wconf 81' lang='lat' dir='ltr'><strong>Compania</strong></span> <span class='ocrx_word' id='word_1_35' title='bbox 1575 808 1630 853; x_wconf 92' lang='lat' dir='ltr'><strong>con</strong></span> 
     </span>
     <span class='ocr_line' id='line_1_5' title="bbox 429 873 1627 960; baseline 0.004 -20"><span class='ocrx_word' id='word_1_36' title='bbox 429 875 463 940; x_wconf 89' lang='lat' dir='ltr'><strong>la</strong></span> <span class='ocrx_word' id='word_1_37' title='bbox 478 873 598 940; x_wconf 87' lang='lat' dir='ltr'><strong>misma</strong></span> <span class='ocrx_word' id='word_1_38' title='bbox 614 873 792 940; x_wconf 89' lang='lat' dir='ltr'><strong>autoridad</strong></span> <span class='ocrx_word' id='word_1_39' title='bbox 807 896 873 958; x_wconf 90' lang='lat' dir='ltr'><strong>que</strong></span> <span class='ocrx_word' id='word_1_40' title='bbox 886 877 918 943; x_wconf 90' lang='lat' dir='ltr'><strong>el</strong></span> <span class='ocrx_word' id='word_1_41' title='bbox 933 873 1104 960; x_wconf 80' lang='lat' dir='ltr'><strong>preposito</strong></span> <span class='ocrx_word' id='word_1_42' title='bbox 1120 874 1260 960; x_wconf 87' lang='lat' dir='ltr'><strong>general</strong></span> <span class='ocrx_word' id='word_1_43' title='bbox 1275 873 1366 942; x_wconf 90' lang='lat' dir='ltr'><strong>tiene</strong></span> <span class='ocrx_word' id='word_1_44' title='bbox 1386 876 1406 940; x_wconf 91' lang='lat'><strong>¹.</strong></span> <span class='ocrx_word' id='word_1_45' title='bbox 1429 876 1459 941; x_wconf 94' lang='lat' dir='ltr'>Y</span> <span class='ocrx_word' id='word_1_46' title='bbox 1478 880 1525 941; x_wconf 86' lang='lat' dir='ltr'><strong>asi</strong></span> <span class='ocrx_word' id='word_1_47' title='bbox 1541 877 1581 942; x_wconf 91' lang='lat' dir='ltr'><strong>V.</strong></span> <span class='ocrx_word' id='word_1_48' title='bbox 1593 877 1627 946; x_wconf 89' lang='lat' dir='ltr'><strong>R.</strong></span> 
     </span>
     <span class='ocr_line' id='line_1_6' title="bbox 428 961 1628 1049; baseline 0.002 -21"><span class='ocrx_word' id='word_1_49' title='bbox 428 985 452 1048; x_wconf 92' lang='lat' dir='ltr'>y</span> <span class='ocrx_word' id='word_1_50' title='bbox 468 963 518 1029; x_wconf 92' lang='lat' dir='ltr'><strong>los</strong></span> <span class='ocrx_word' id='word_1_51' title='bbox 538 963 582 1032; x_wconf 89' lang='lat' dir='ltr'><strong>de</strong></span> <span class='ocrx_word' id='word_1_52' title='bbox 608 984 649 1029; x_wconf 89' lang='lat' dir='ltr'><strong>su</strong></span> <span class='ocrx_word' id='word_1_53' title='bbox 676 962 853 1049; x_wconf 77' lang='lat' dir='ltr'><strong>prouincia</strong></span> <span class='ocrx_word' id='word_1_54' title='bbox 872 966 978 1030; x_wconf 78' lang='lat' dir='ltr'><strong>haran</strong></span> <span class='ocrx_word' id='word_1_55' title='bbox 1000 983 1138 1030; x_wconf 88' lang='lat' dir='ltr'><strong>recurso</strong></span> <span class='ocrx_word' id='word_1_56' title='bbox 1154 963 1189 1030; x_wconf 87' lang='lat' dir='ltr'><strong>al</strong></span> <span class='ocrx_word' id='word_1_57' title='bbox 1209 961 1310 1028; x_wconf 89' lang='lat' dir='ltr'><strong>dicho</strong></span> <span class='ocrx_word' id='word_1_58' title='bbox 1330 964 1441 1030; x_wconf 88' lang='lat' dir='ltr'><strong>Padre</strong></span> <span class='ocrx_word' id='word_1_59' title='bbox 1459 963 1576 1030; x_wconf 89' lang='lat' dir='ltr'><strong>vicario</strong></span> <span class='ocrx_word' id='word_1_60' title='bbox 1592 985 1628 1030; x_wconf 91' lang='lat' dir='ltr'><strong>en</strong></span> 
     </span>
     <span class='ocr_line' id='line_1_7' title="bbox 429 1051 1627 1138; baseline 0.002 -22"><span class='ocrx_word' id='word_1_61' title='bbox 429 1052 510 1119; x_wconf 93' lang='lat' dir='ltr'><strong>todo</strong></span> <span class='ocrx_word' id='word_1_62' title='bbox 525 1052 559 1120; x_wconf 95' lang='lat' dir='ltr'><strong>lo</strong></span> <span class='ocrx_word' id='word_1_63' title='bbox 575 1073 642 1137; x_wconf 92' lang='lat' dir='ltr'><strong>que</strong></span> <span class='ocrx_word' id='word_1_64' title='bbox 658 1051 843 1131; x_wconf 88' lang='lat' dir='ltr'><strong>ocurriere,</strong></span> <span class='ocrx_word' id='word_1_65' title='bbox 861 1073 884 1138; x_wconf 90' lang='lat' dir='ltr'><strong>y</strong></span> <span class='ocrx_word' id='word_1_66' title='bbox 900 1053 954 1118; x_wconf 78' lang='lat' dir='ltr'><strong>del</strong></span> <span class='ocrx_word' id='word_1_67' title='bbox 970 1057 1150 1138; x_wconf 79' lang='lat' dir='ltr'><strong>esperaran</strong></span> <span class='ocrx_word' id='word_1_68' title='bbox 1167 1063 1353 1138; x_wconf 88' lang='lat' dir='ltr'><strong>respuesta,</strong></span> <span class='ocrx_word' id='word_1_69' title='bbox 1371 1053 1441 1138; x_wconf 89' lang='lat' dir='ltr'><strong>yla</strong></span> <span class='ocrx_word' id='word_1_70' title='bbox 1460 1054 1557 1120; x_wconf 88' lang='lat' dir='ltr'><strong>orden</strong></span> <span class='ocrx_word' id='word_1_71' title='bbox 1572 1073 1627 1137; x_wconf 87' lang='lat' dir='ltr'><strong>que</strong></span> 
     </span>
     <span class='ocr_line' id='line_1_8' title="bbox 427 1139 1627 1226; baseline 0 -20"><span class='ocrx_word' id='word_1_72' title='bbox 427 1139 521 1208; x_wconf 90' lang='lat' dir='ltr'><strong>diere</strong></span> <span class='ocrx_word' id='word_1_73' title='bbox 537 1163 581 1207; x_wconf 87' lang='lat' dir='ltr'><strong>en</strong></span> <span class='ocrx_word' id='word_1_74' title='bbox 597 1140 774 1225; x_wconf 89' lang='lat' dir='ltr'><strong>qualquier</strong></span> <span class='ocrx_word' id='word_1_75' title='bbox 793 1162 885 1223; x_wconf 87' lang='lat' dir='ltr'><strong>cosa,</strong></span> <span class='ocrx_word' id='word_1_76' title='bbox 903 1163 941 1206; x_wconf 90' lang='lat' dir='ltr'><strong>se</strong></span> <span class='ocrx_word' id='word_1_77' title='bbox 961 1150 1052 1205; x_wconf 91' lang='lat' dir='ltr'><strong>tome</strong></span> <span class='ocrx_word' id='word_1_78' title='bbox 1069 1161 1168 1206; x_wconf 92' lang='lat' dir='ltr'><strong>como</strong></span> <span class='ocrx_word' id='word_1_79' title='bbox 1183 1140 1227 1207; x_wconf 90' lang='lat' dir='ltr'><strong>de</strong></span> <span class='ocrx_word' id='word_1_80' title='bbox 1247 1141 1292 1208; x_wconf 92' lang='lat' dir='ltr'><strong>N.</strong></span> <span class='ocrx_word' id='word_1_81' title='bbox 1317 1143 1358 1208; x_wconf 90' lang='lat' dir='ltr'><strong>P.</strong></span> <span class='ocrx_word' id='word_1_82' title='bbox 1376 1142 1524 1226; x_wconf 87' lang='lat' dir='ltr'><strong>general,</strong></span> <span class='ocrx_word' id='word_1_83' title='bbox 1545 1144 1627 1208; x_wconf 89' lang='lat' dir='ltr'><strong>hasta</strong></span> 
     </span>
     <span class='ocr_line' id='line_1_9' title="bbox 429 1227 1626 1315; baseline -0.001 -20"><span class='ocrx_word' id='word_1_84' title='bbox 429 1239 525 1295; x_wconf 88' lang='lat' dir='ltr'><strong>tanto</strong></span> <span class='ocrx_word' id='word_1_85' title='bbox 541 1251 608 1313; x_wconf 92' lang='lat' dir='ltr'><strong>que</strong></span> <span class='ocrx_word' id='word_1_86' title='bbox 623 1251 661 1296; x_wconf 91' lang='lat' dir='ltr'><strong>se</strong></span> <span class='ocrx_word' id='word_1_87' title='bbox 675 1231 726 1297; x_wconf 86' lang='lat' dir='ltr'><strong>les</strong></span> <span class='ocrx_word' id='word_1_88' title='bbox 741 1231 784 1296; x_wconf 78' lang='lat' dir='ltr'><strong>de</strong></span> <span class='ocrx_word' id='word_1_89' title='bbox 796 1241 871 1296; x_wconf 95' lang='lat' dir='ltr'><strong>otro</strong></span> <span class='ocrx_word' id='word_1_90' title='bbox 887 1228 995 1307; x_wconf 86' lang='lat' dir='ltr'><strong>auis0,</strong></span> <span class='ocrx_word' id='word_1_91' title='bbox 1013 1229 1158 1295; x_wconf 79' lang='lat' dir='ltr'><strong>dandule</strong></span> <span class='ocrx_word' id='word_1_92' title='bbox 1177 1227 1262 1294; x_wconf 90' lang='lat' dir='ltr'><strong>Dios</strong></span> <span class='ocrx_word' id='word_1_93' title='bbox 1279 1231 1324 1297; x_wconf 90' lang='lat' dir='ltr'><strong>N.</strong></span> <span class='ocrx_word' id='word_1_94' title='bbox 1346 1231 1385 1298; x_wconf 90' lang='lat' dir='ltr'><strong>S.</strong></span> <span class='ocrx_word' id='word_1_95' title='bbox 1407 1229 1533 1315; x_wconf 82' lang='lat' dir='ltr'><strong>saludy</strong></span> <span class='ocrx_word' id='word_1_96' title='bbox 1549 1232 1626 1295; x_wconf 82' lang='lat' dir='ltr'><strong>fuer-</strong></span> 
     </span>
     <span class='ocr_line' id='line_1_10' title="bbox 428 1317 1626 1403; baseline -0.001 -19"><span class='ocrx_word' id='word_1_97' title='bbox 428 1339 499 1403; x_wconf 78' lang='lat' dir='ltr'><strong>cas;</strong></span> <span class='ocrx_word' id='word_1_98' title='bbox 518 1341 540 1402; x_wconf 92' lang='lat' dir='ltr'>y</span> <span class='ocrx_word' id='word_1_99' title='bbox 555 1327 630 1386; x_wconf 89' lang='lat' dir='ltr'><strong>esto</strong></span> <span class='ocrx_word' id='word_1_100' title='bbox 645 1317 767 1384; x_wconf 91' lang='lat' dir='ltr'><strong>mismo</strong></span> <span class='ocrx_word' id='word_1_101' title='bbox 781 1339 821 1386; x_wconf 87' lang='lat' dir='ltr'><strong>se</strong></span> <span class='ocrx_word' id='word_1_102' title='bbox 835 1317 967 1387; x_wconf 82' lang='lat' dir='ltr'><strong>escriue</strong></span> <span class='ocrx_word' id='word_1_103' title='bbox 982 1324 1002 1384; x_wconf 80' lang='lat' dir='ltr'><strong>a</strong></span> <span class='ocrx_word' id='word_1_104' title='bbox 1017 1319 1068 1384; x_wconf 91' lang='lat' dir='ltr'><strong>los</strong></span> <span class='ocrx_word' id='word_1_105' title='bbox 1084 1319 1202 1385; x_wconf 78' lang='lat' dir='ltr'><strong>demas</strong></span> <span class='ocrx_word' id='word_1_106' title='bbox 1221 1317 1459 1403; x_wconf 88' lang='lat' dir='ltr'><strong>prouinciales.</strong></span> <span class='ocrx_word' id='word_1_107' title='bbox 1482 1321 1545 1384; x_wconf 91' lang='lat' dir='ltr'><strong>Por</strong></span> <span class='ocrx_word' id='word_1_108' title='bbox 1558 1321 1626 1384; x_wconf 85' lang='lat' dir='ltr'><strong>cha-</strong></span> 
     </span>
     <span class='ocr_line' id='line_1_11' title="bbox 430 1405 1627 1488; baseline -0.001 -17"><span class='ocrx_word' id='word_1_109' title='bbox 430 1406 525 1473; x_wconf 91' lang='lat' dir='ltr'><strong>ridad</strong></span> <span class='ocrx_word' id='word_1_110' title='bbox 541 1427 579 1474; x_wconf 91' lang='lat' dir='ltr'><strong>se</strong></span> <span class='ocrx_word' id='word_1_111' title='bbox 598 1405 821 1475; x_wconf 88' lang='lat' dir='ltr'><strong>encomiende</strong></span> <span class='ocrx_word' id='word_1_112' title='bbox 847 1407 879 1474; x_wconf 88' lang='lat' dir='ltr'><strong>al</strong></span> <span class='ocrx_word' id='word_1_113' title='bbox 906 1407 1015 1476; x_wconf 77' lang='lat' dir='ltr'><strong>Senot</strong></span> <span class='ocrx_word' id='word_1_114' title='bbox 1041 1427 1082 1472; x_wconf 91' lang='lat' dir='ltr'><strong>su</strong></span> <span class='ocrx_word' id='word_1_115' title='bbox 1105 1406 1205 1472; x_wconf 89' lang='lat' dir='ltr'><strong>salud</strong></span> <span class='ocrx_word' id='word_1_116' title='bbox 1228 1406 1273 1473; x_wconf 87' lang='lat' dir='ltr'><strong>de</strong></span> <span class='ocrx_word' id='word_1_117' title='bbox 1300 1407 1345 1474; x_wconf 92' lang='lat' dir='ltr'><strong>N.</strong></span> <span class='ocrx_word' id='word_1_118' title='bbox 1372 1410 1428 1488; x_wconf 89' lang='lat' dir='ltr'><strong>P.‚</strong></span> <span class='ocrx_word' id='word_1_119' title='bbox 1453 1427 1545 1474; x_wconf 91' lang='lat' dir='ltr'><strong>como</strong></span> <span class='ocrx_word' id='word_1_120' title='bbox 1559 1427 1627 1472; x_wconf 90' lang='lat' dir='ltr'><strong>con-</strong></span> 
     </span>
     <span class='ocr_line' id='line_1_12' title="bbox 432 1495 629 1578; baseline 0 -16"><span class='ocrx_word' id='word_1_121' title='bbox 432 1495 543 1578; x_wconf 86' lang='lat' dir='ltr'><strong>uiene,</strong></span> <span class='ocrx_word' id='word_1_122' title='bbox 561 1504 629 1564; x_wconf 83' lang='lat' dir='ltr'><strong>etc.</strong></span> 
     </span>
    </p>
   </div>
   <div class='ocr_carea' id='block_1_3' title="bbox 682 1665 1391 1855">
    <p class='ocr_par' dir='ltr' id='par_1_3' title="bbox 682 1665 1391 1855">
     <span class='ocr_line' id='line_1_13' title="bbox 965 1665 1124 1732; baseline 0 -1"><span class='ocrx_word' id='word_1_123' title='bbox 965 1665 1124 1732; x_wconf 89' lang='lat' dir='ltr'>LXXVII</span> 
     </span>
     <span class='ocr_line' id='line_1_14' title="bbox 682 1793 1391 1855; baseline -0.001 -3"><span class='ocrx_word' id='word_1_124' title='bbox 682 1797 720 1854; x_wconf 91' lang='lat' dir='ltr'><strong>P.</strong></span> <span class='ocrx_word' id='word_1_125' title='bbox 749 1793 1030 1855; x_wconf 88' lang='lat' dir='ltr'><strong>EVERARDUS</strong></span> <span class='ocrx_word' id='word_1_126' title='bbox 1058 1794 1391 1854; x_wconf 73' lang='lat' dir='ltr'><strong>MERCURIANUS</strong></span> 
     </span>
    </p>
   </div>
   <div class='ocr_carea' id='block_1_4' title="bbox 684 1931 1387 2250">
    <p class='ocr_par' dir='ltr' id='par_1_4' title="bbox 684 1931 1387 2250">
     <span class='ocr_line' id='line_1_15' title="bbox 831 1931 1256 1987; baseline 0.002 -8"><span class='ocrx_word' id='word_1_127' title='bbox 831 1933 938 1980; x_wconf 86' lang='lat' dir='ltr'><strong>PATRI</strong></span> <span class='ocrx_word' id='word_1_128' title='bbox 955 1931 1073 1980; x_wconf 74' lang='lat' dir='ltr'><strong>PAULO</strong></span> <span class='ocrx_word' id='word_1_129' title='bbox 1089 1932 1256 1987; x_wconf 80' lang='lat' dir='ltr'>HOFFAEO</span> 
     </span>
     <span class='ocr_line' id='line_1_16' title="bbox 757 2037 1317 2132; baseline 0.007 -20"><span class='ocrx_word' id='word_1_130' title='bbox 757 2047 906 2125; x_wconf 86' lang='lat' dir='ltr'><strong>Romae,</strong></span> <span class='ocrx_word' id='word_1_131' title='bbox 944 2060 981 2127; x_wconf 87' lang='lat'><strong>15</strong></span> <span class='ocrx_word' id='word_1_132' title='bbox 1014 2037 1142 2132; x_wconf 83' lang='lat' dir='ltr'><strong>Aprilis</strong></span> <span class='ocrx_word' id='word_1_133' title='bbox 1177 2061 1261 2129; x_wconf 86' lang='lat'>1574</span> <span class='ocrx_word' id='word_1_134' title='bbox 1291 2047 1317 2116; x_wconf 85' lang='lat'><strong>¹.</strong></span> 
     </span>
     <span class='ocr_line' id='line_1_17' title="bbox 684 2155 1387 2250; baseline 0.006 -18"><span class='ocrx_word' id='word_1_135' title='bbox 684 2178 816 2240; x_wconf 77' lang='lat' dir='ltr'><strong>Litterae</strong></span> <span class='ocrx_word' id='word_1_136' title='bbox 841 2155 1103 2233; x_wconf 69' lang='lat' dir='ltr'><strong>commendatitiae</strong></span> <span class='ocrx_word' id='word_1_137' title='bbox 1122 2183 1180 2250; x_wconf 78' lang='lat' dir='ltr'><strong>pro</strong></span> <span class='ocrx_word' id='word_1_138' title='bbox 1204 2179 1245 2234; x_wconf 91' lang='lat' dir='ltr'><strong>P.</strong></span> <span class='ocrx_word' id='word_1_139' title='bbox 1267 2180 1387 2238; x_wconf 80' lang='lat' dir='ltr'><strong>Natali.</strong></span> 
     </span>
    </p>
   </div>
   <div class='ocr_carea' id='block_1_5' title="bbox 416 2293 1618 4068">
    <p class='ocr_par' dir='ltr' id='par_1_5' title="bbox 416 2293 1618 4068">
     <span class='ocr_line' id='line_1_18' title="bbox 490 2293 1618 2384; baseline -0.006 -20"><span class='ocrx_word' id='word_1_140' title='bbox 490 2296 604 2383; x_wconf 84' lang='lat' dir='ltr'><strong>Jesus.</strong></span> <span class='ocrx_word' id='word_1_141' title='bbox 635 2295 833 2379; x_wconf 82' lang='lat' dir='ltr'><strong>M.—Quod</strong></span> <span class='ocrx_word' id='word_1_142' title='bbox 860 2293 957 2358; x_wconf 92' lang='lat' dir='ltr'><strong>multi</strong></span> <span class='ocrx_word' id='word_1_143' title='bbox 984 2313 1027 2359; x_wconf 87' lang='lat' dir='ltr'><strong>ex</strong></span> <span class='ocrx_word' id='word_1_144' title='bbox 1048 2305 1161 2362; x_wconf 90' lang='lat' dir='ltr'><strong>uestra</strong></span> <span class='ocrx_word' id='word_1_145' title='bbox 1182 2296 1368 2363; x_wconf 87' lang='lat' dir='ltr'>Germania</span> <span class='ocrx_word' id='word_1_146' title='bbox 1389 2298 1570 2384; x_wconf 84' lang='lat' dir='ltr'><strong>cupiebant,</strong></span> <span class='ocrx_word' id='word_1_147' title='bbox 1589 2305 1618 2358; x_wconf 90' lang='lat' dir='ltr'><strong>ut</strong></span> 
     </span>
     <span class='ocr_line' id='line_1_19' title="bbox 427 2382 1618 2472; baseline -0.001 -24"><span class='ocrx_word' id='word_1_148' title='bbox 427 2385 468 2452; x_wconf 92' lang='lat' dir='ltr'><strong>P.</strong></span> <span class='ocrx_word' id='word_1_149' title='bbox 486 2384 649 2470; x_wconf 84' lang='lat' dir='ltr'><strong>magister</strong></span> <span class='ocrx_word' id='word_1_150' title='bbox 664 2384 894 2468; x_wconf 85' lang='lat' dir='ltr'>Hieronymus</span> <span class='ocrx_word' id='word_1_151' title='bbox 911 2382 1041 2449; x_wconf 90' lang='lat' dir='ltr'><strong>Natalis</strong></span> <span class='ocrx_word' id='word_1_152' title='bbox 1057 2383 1102 2447; x_wconf 88' lang='lat' dir='ltr'><strong>ad</strong></span> <span class='ocrx_word' id='word_1_153' title='bbox 1121 2405 1196 2452; x_wconf 88' lang='lat' dir='ltr'><strong>eam</strong></span> <span class='ocrx_word' id='word_1_154' title='bbox 1218 2385 1362 2465; x_wconf 90' lang='lat' dir='ltr'><strong>ueniret,</strong></span> <span class='ocrx_word' id='word_1_155' title='bbox 1379 2387 1450 2472; x_wconf 85' lang='lat' dir='ltr'><strong>ipse</strong></span> <span class='ocrx_word' id='word_1_156' title='bbox 1470 2387 1618 2452; x_wconf 88' lang='lat' dir='ltr'><strong>tandema</strong></span> 
     </span>
     <span class='ocr_line' id='line_1_20' title="bbox 427 2470 1618 2558; baseline -0.003 -20"><span class='ocrx_word' id='word_1_157' title='bbox 427 2495 482 2540; x_wconf 91' lang='lat' dir='ltr'><strong>me</strong></span> <span class='ocrx_word' id='word_1_158' title='bbox 494 2473 653 2554; x_wconf 87' lang='lat' dir='ltr'>obtinuit,</span> <span class='ocrx_word' id='word_1_159' title='bbox 671 2472 729 2558; x_wconf 90' lang='lat' dir='ltr'><strong>qui</strong></span> <span class='ocrx_word' id='word_1_160' title='bbox 746 2483 818 2537; x_wconf 91' lang='lat' dir='ltr'><strong>turn</strong></span> <span class='ocrx_word' id='word_1_161' title='bbox 838 2471 912 2537; x_wconf 92' lang='lat' dir='ltr'><strong>eius</strong></span> <span class='ocrx_word' id='word_1_162' title='bbox 934 2470 1120 2547; x_wconf 88' lang='lat' dir='ltr'><strong>uoluntatis</strong></span> <span class='ocrx_word' id='word_1_163' title='bbox 1143 2485 1177 2539; x_wconf 92' lang='lat' dir='ltr'><strong>et</strong></span> <span class='ocrx_word' id='word_1_164' title='bbox 1197 2475 1443 2558; x_wconf 83' lang='lat' dir='ltr'><strong>propensionis,</strong></span> <span class='ocrx_word' id='word_1_165' title='bbox 1464 2496 1528 2558; x_wconf 89' lang='lat' dir='ltr'><strong>qua</strong></span> <span class='ocrx_word' id='word_1_166' title='bbox 1544 2492 1618 2538; x_wconf 89' lang='lat' dir='ltr'><strong>sem·</strong></span> 
     </span>
     <span class='ocr_line' id='line_1_21' title="bbox 426 2560 1618 2648; baseline -0.003 -21"><span class='ocrx_word' id='word_1_167' title='bbox 426 2584 487 2648; x_wconf 90' lang='lat' dir='ltr'><strong>per</strong></span> <span class='ocrx_word' id='word_1_168' title='bbox 502 2564 645 2630; x_wconf 84' lang='lat' dir='ltr'><strong>affectus</strong></span> <span class='ocrx_word' id='word_1_169' title='bbox 673 2560 737 2626; x_wconf 83' lang='lat' dir='ltr'><strong>suit</strong></span> <span class='ocrx_word' id='word_1_170' title='bbox 763 2582 846 2645; x_wconf 86' lang='lat' dir='ltr'><strong>erga</strong></span> <span class='ocrx_word' id='word_1_171' title='bbox 862 2581 1054 2646; x_wconf 65' lang='lat' dir='ltr'><strong>germanos</strong></span> <span class='ocrx_word' id='word_1_172' title='bbox 1086 2569 1158 2626; x_wconf 91' lang='lat' dir='ltr'><strong>tum</strong></span> <span class='ocrx_word' id='word_1_173' title='bbox 1179 2561 1270 2642; x_wconf 88' lang='lat' dir='ltr'><strong>boni,</strong></span> <span class='ocrx_word' id='word_1_174' title='bbox 1287 2565 1379 2646; x_wconf 84' lang='lat' dir='ltr'><strong>quod</strong></span> <span class='ocrx_word' id='word_1_175' title='bbox 1399 2586 1441 2632; x_wconf 86' lang='lat' dir='ltr'><strong>ex</strong></span> <span class='ocrx_word' id='word_1_176' title='bbox 1455 2563 1525 2629; x_wconf 88' lang='lat' dir='ltr'><strong>eius</strong></span> <span class='ocrx_word' id='word_1_177' title='bbox 1538 2581 1618 2646; x_wconf 87' lang='lat' dir='ltr'><strong>prae·</strong></span> 
     </span>
     <span class='ocr_line' id='line_1_22' title="bbox 426 2649 1617 2737; baseline -0.004 -21"><span class='ocrx_word' id='word_1_178' title='bbox 426 2649 538 2717; x_wconf 88' lang='lat' dir='ltr'><strong>sentia</strong></span> <span class='ocrx_word' id='word_1_179' title='bbox 554 2661 797 2737; x_wconf 89' lang='lat' dir='ltr'><strong>peruenturum</strong></span> <span class='ocrx_word' id='word_1_180' title='bbox 813 2658 865 2714; x_wconf 90' lang='lat' dir='ltr'><strong>est</strong></span> <span class='ocrx_word' id='word_1_181' title='bbox 881 2649 924 2712; x_wconf 91' lang='lat' dir='ltr'><strong>ad</strong></span> <span class='ocrx_word' id='word_1_182' title='bbox 939 2659 1085 2728; x_wconf 71' lang='lat' dir='ltr'><strong>nostroe,</strong></span> <span class='ocrx_word' id='word_1_183' title='bbox 1103 2649 1270 2716; x_wconf 86' lang='lat' dir='ltr'><strong>rationem</strong></span> <span class='ocrx_word' id='word_1_184' title='bbox 1292 2673 1360 2717; x_wconf 92' lang='lat' dir='ltr'><strong>non</strong></span> <span class='ocrx_word' id='word_1_185' title='bbox 1382 2649 1471 2735; x_wconf 88' lang='lat' dir='ltr'><strong>potui</strong></span> <span class='ocrx_word' id='word_1_186' title='bbox 1494 2671 1553 2716; x_wconf 91' lang='lat' dir='ltr'><strong>non</strong></span> <span class='ocrx_word' id='word_1_187' title='bbox 1567 2649 1617 2712; x_wconf 89' lang='lat' dir='ltr'><strong>ha-</strong></span> 
     </span>
     <span class='ocr_line' id='line_1_23' title="bbox 426 2737 1615 2824; baseline -0.003 -21"><span class='ocrx_word' id='word_1_188' title='bbox 426 2740 520 2821; x_wconf 84' lang='lat' dir='ltr'><strong>bere3</strong></span> <span class='ocrx_word' id='word_1_189' title='bbox 539 2740 567 2805; x_wconf 92' lang='lat' dir='ltr'><strong>is</strong></span> <span class='ocrx_word' id='word_1_190' title='bbox 583 2739 686 2820; x_wconf 91' lang='lat' dir='ltr'><strong>enim,</strong></span> <span class='ocrx_word' id='word_1_191' title='bbox 704 2759 782 2806; x_wconf 89' lang='lat' dir='ltr'><strong>cum</strong></span> <span class='ocrx_word' id='word_1_192' title='bbox 794 2741 897 2804; x_wconf 91' lang='lat' dir='ltr'><strong>hosce</strong></span> <span class='ocrx_word' id='word_1_193' title='bbox 913 2737 1049 2822; x_wconf 82' lang='lat' dir='ltr'><strong>aliquod</strong></span> <span class='ocrx_word' id='word_1_194' title='bbox 1065 2758 1198 2805; x_wconf 86' lang='lat' dir='ltr'><strong>menses</strong></span> <span class='ocrx_word' id='word_1_195' title='bbox 1213 2740 1346 2824; x_wconf 88' lang='lat' dir='ltr'><strong>elapsos</strong></span> <span class='ocrx_word' id='word_1_196' title='bbox 1363 2741 1496 2824; x_wconf 89' lang='lat' dir='ltr'><strong>Tybure</strong></span> <span class='ocrx_word' id='word_1_197' title='bbox 1515 2739 1545 2803; x_wconf 92' lang='lat' dir='ltr'><strong>in</strong></span> <span class='ocrx_word' id='word_1_198' title='bbox 1559 2737 1615 2802; x_wconf 92' lang='lat' dir='ltr'><strong>col-</strong></span> 
     </span>
     <span class='ocr_line' id='line_1_24' title="bbox 424 2825 1614 2914; baseline -0.003 -21"><span class='ocrx_word' id='word_1_199' title='bbox 424 2828 515 2914; x_wconf 84' lang='lat' dir='ltr'><strong>legio</strong></span> <span class='ocrx_word' id='word_1_200' title='bbox 531 2828 588 2894; x_wconf 92' lang='lat' dir='ltr'><strong>illo</strong></span> <span class='ocrx_word' id='word_1_201' title='bbox 603 2830 756 2914; x_wconf 82' lang='lat' dir='ltr'><strong>degeret,</strong></span> <span class='ocrx_word' id='word_1_202' title='bbox 775 2827 894 2893; x_wconf 85' lang='lat' dir='ltr'><strong>fratres</strong></span> <span class='ocrx_word' id='word_1_203' title='bbox 910 2825 985 2892; x_wconf 92' lang='lat' dir='ltr'><strong>illos</strong></span> <span class='ocrx_word' id='word_1_204' title='bbox 1000 2827 1155 2910; x_wconf 85' lang='lat' dir='ltr'><strong>exemplo</strong></span> <span class='ocrx_word' id='word_1_205' title='bbox 1170 2838 1273 2912; x_wconf 91' lang='lat' dir='ltr'><strong>atque</strong></span> <span class='ocrx_word' id='word_1_206' title='bbox 1290 2839 1452 2914; x_wconf 88' lang='lat' dir='ltr'><strong>perpetua</strong></span> <span class='ocrx_word' id='word_1_207' title='bbox 1470 2825 1614 2894; x_wconf 79' lang='lat' dir='ltr'><strong>hilaritate</strong></span> 
     </span>
     <span class='ocr_line' id='line_1_25' title="bbox 424 2911 1612 3000; baseline -0.004 -19"><span class='ocrx_word' id='word_1_208' title='bbox 424 2918 524 2984; x_wconf 88' lang='lat' dir='ltr'><strong>ualde</strong></span> <span class='ocrx_word' id='word_1_209' title='bbox 540 2916 765 2997; x_wconf 86' lang='lat' dir='ltr'><strong>aedificasset,</strong></span> <span class='ocrx_word' id='word_1_210' title='bbox 783 2913 987 2982; x_wconf 84' lang='lat' dir='ltr'><strong>Germaniae</strong></span> <span class='ocrx_word' id='word_1_211' title='bbox 1007 2913 1174 2981; x_wconf 89' lang='lat' dir='ltr'><strong>desiderio</strong></span> <span class='ocrx_word' id='word_1_212' title='bbox 1197 2915 1374 3000; x_wconf 90' lang='lat' dir='ltr'><strong>impulsus,</strong></span> <span class='ocrx_word' id='word_1_213' title='bbox 1392 2919 1435 2984; x_wconf 87' lang='lat' dir='ltr'><strong>ad</strong></span> <span class='ocrx_word' id='word_1_214' title='bbox 1452 2938 1509 2982; x_wconf 93' lang='lat' dir='ltr'><strong>uos</strong></span> <span class='ocrx_word' id='word_1_215' title='bbox 1527 2911 1612 2979; x_wconf 91' lang='lat' dir='ltr'><strong>mitti·</strong></span> 
     </span>
     <span class='ocr_line' id='line_1_26' title="bbox 424 3001 1612 3090; baseline -0.004 -21"><span class='ocrx_word' id='word_1_216' title='bbox 424 3015 492 3074; x_wconf 90' lang='lat' dir='ltr'><strong>tur.</strong></span> <span class='ocrx_word' id='word_1_217' title='bbox 510 3005 648 3090; x_wconf 84' lang='lat' dir='ltr'><strong>Delegit</strong></span> <span class='ocrx_word' id='word_1_218' title='bbox 664 3015 777 3071; x_wconf 91' lang='lat' dir='ltr'><strong>autem</strong></span> <span class='ocrx_word' id='word_1_219' title='bbox 795 3002 1007 3089; x_wconf 88' lang='lat' dir='ltr'><strong>potissimum</strong></span> <span class='ocrx_word' id='word_1_220' title='bbox 1023 3001 1232 3088; x_wconf 88' lang='lat' dir='ltr'><strong>prouinciam</strong></span> <span class='ocrx_word' id='word_1_221' title='bbox 1246 3007 1341 3074; x_wconf 86' lang='lat' dir='ltr'><strong>Tuae</strong></span> <span class='ocrx_word' id='word_1_222' title='bbox 1358 3009 1434 3074; x_wconf 74' lang='lat' dir='ltr'><strong>R.²e</strong></span> <span class='ocrx_word' id='word_1_223' title='bbox 1454 3017 1545 3089; x_wconf 87' lang='lat' dir='ltr'><strong>atque</strong></span> <span class='ocrx_word' id='word_1_224' title='bbox 1562 3003 1612 3066; x_wconf 90' lang='lat' dir='ltr'><strong>ha-</strong></span> 
     </span>
     <span class='ocr_line' id='line_1_27' title="bbox 422 3092 1611 3179; baseline -0.005 -20"><span class='ocrx_word' id='word_1_225' title='bbox 422 3095 552 3161; x_wconf 89' lang='lat' dir='ltr'><strong>lensem</strong></span> <span class='ocrx_word' id='word_1_226' title='bbox 568 3092 749 3179; x_wconf 83' lang='lat' dir='ltr'><strong>collegium</strong></span> <span class='ocrx_word' id='word_1_227' title='bbox 766 3095 777 3126; x_wconf 79' lang='lat'><strong>³</strong></span> <span class='ocrx_word' id='word_1_228' title='bbox 794 3092 852 3157; x_wconf 92' lang='lat' dir='ltr'><strong>ubi</strong></span> <span class='ocrx_word' id='word_1_229' title='bbox 869 3103 1107 3171; x_wconf 87' lang='lat' dir='ltr'><strong>commoretur,</strong></span> <span class='ocrx_word' id='word_1_230' title='bbox 1127 3103 1245 3176; x_wconf 89' lang='lat' dir='ltr'><strong>petens</strong></span> <span class='ocrx_word' id='word_1_231' title='bbox 1260 3113 1281 3158; x_wconf 92' lang='lat' dir='ltr'><strong>a</strong></span> <span class='ocrx_word' id='word_1_232' title='bbox 1296 3116 1351 3162; x_wconf 91' lang='lat' dir='ltr'><strong>me</strong></span> <span class='ocrx_word' id='word_1_233' title='bbox 1368 3105 1406 3160; x_wconf 92' lang='lat' dir='ltr'><strong>ut</strong></span> <span class='ocrx_word' id='word_1_234' title='bbox 1419 3094 1498 3160; x_wconf 92' lang='lat' dir='ltr'><strong>nihil</strong></span> <span class='ocrx_word' id='word_1_235' title='bbox 1510 3092 1537 3158; x_wconf 88' lang='lat' dir='ltr'><strong>ei</strong></span> <span class='ocrx_word' id='word_1_236' title='bbox 1550 3111 1611 3154; x_wconf 90' lang='lat' dir='ltr'><strong>mu-</strong></span> 
     </span>
     <span class='ocr_line' id='line_1_28' title="bbox 423 3180 1611 3268; baseline -0.005 -19"><span class='ocrx_word' id='word_1_237' title='bbox 423 3181 515 3250; x_wconf 88' lang='lat' dir='ltr'><strong>neris</strong></span> <span class='ocrx_word' id='word_1_238' title='bbox 530 3194 589 3250; x_wconf 90' lang='lat' dir='ltr'><strong>aut</strong></span> <span class='ocrx_word' id='word_1_239' title='bbox 605 3181 904 3250; x_wconf 88' lang='lat' dir='ltr'><strong>administrationis</strong></span> <span class='ocrx_word' id='word_1_240' title='bbox 921 3181 1020 3266; x_wconf 89' lang='lat' dir='ltr'><strong>(quae</strong></span> <span class='ocrx_word' id='word_1_241' title='bbox 1035 3201 1097 3246; x_wconf 88' lang='lat' dir='ltr'><strong>sua</strong></span> <span class='ocrx_word' id='word_1_242' title='bbox 1114 3180 1285 3247; x_wconf 89' lang='lat' dir='ltr'><strong>humilitas</strong></span> <span class='ocrx_word' id='word_1_243' title='bbox 1296 3183 1360 3268; x_wconf 89' lang='lat' dir='ltr'><strong>est)</strong></span> <span class='ocrx_word' id='word_1_244' title='bbox 1377 3183 1581 3268; x_wconf 76' lang='lat' dir='ltr'><strong>iniungerem</strong></span> <span class='ocrx_word' id='word_1_245' title='bbox 1596 3197 1611 3240; x_wconf 88' lang='lat' dir='ltr'><strong>a</strong></span> 
     </span>
     <span class='ocr_line' id='line_1_29' title="bbox 423 3267 1610 3357; baseline -0.009 -18"><span class='ocrx_word' id='word_1_246' title='bbox 423 3294 491 3356; x_wconf 89' lang='lat' dir='ltr'><strong>qua</strong></span> <span class='ocrx_word' id='word_1_247' title='bbox 511 3271 649 3357; x_wconf 89' lang='lat' dir='ltr'><strong>quidem</strong></span> <span class='ocrx_word' id='word_1_248' title='bbox 675 3268 963 3337; x_wconf 88' lang='lat' dir='ltr'><strong>administratione</strong></span> <span class='ocrx_word' id='word_1_249' title='bbox 991 3267 1054 3336; x_wconf 91' lang='lat' dir='ltr'><strong>etsi</strong></span> <span class='ocrx_word' id='word_1_250' title='bbox 1075 3267 1160 3336; x_wconf 92' lang='lat' dir='ltr'><strong>liber</strong></span> <span class='ocrx_word' id='word_1_251' title='bbox 1176 3269 1271 3335; x_wconf 89' lang='lat' dir='ltr'><strong>uenit</strong></span> <span class='ocrx_word' id='word_1_252' title='bbox 1297 3271 1422 3353; x_wconf 90' lang='lat' dir='ltr'><strong>isthuc,</strong></span> <span class='ocrx_word' id='word_1_253' title='bbox 1445 3271 1503 3339; x_wconf 89' lang='lat' dir='ltr'><strong>erit</strong></span> <span class='ocrx_word' id='word_1_254' title='bbox 1521 3280 1610 3337; x_wconf 87' lang='lat' dir='ltr'><strong>tameo</strong></span> 
     </span>
     <span class='ocr_line' id='line_1_30' title="bbox 423 3352 1609 3447; baseline -0.009 -21"><span class='ocrx_word' id='word_1_255' title='bbox 423 3363 500 3430; x_wconf 80' lang='lat' dir='ltr'><strong>R.⁸e</strong></span> <span class='ocrx_word' id='word_1_256' title='bbox 525 3364 600 3430; x_wconf 52' lang='lat' dir='ltr'><strong>Tr*e</strong></span> <span class='ocrx_word' id='word_1_257' title='bbox 621 3360 785 3447; x_wconf 89' lang='lat' dir='ltr'><strong>perutilis,</strong></span> <span class='ocrx_word' id='word_1_258' title='bbox 804 3369 842 3423; x_wconf 91' lang='lat' dir='ltr'><strong>ut</strong></span> <span class='ocrx_word' id='word_1_259' title='bbox 868 3379 979 3442; x_wconf 86' lang='lat' dir='ltr'><strong>spero,</strong></span> <span class='ocrx_word' id='word_1_260' title='bbox 1010 3368 1082 3422; x_wconf 90' lang='lat' dir='ltr'><strong>tum</strong></span> <span class='ocrx_word' id='word_1_261' title='bbox 1104 3357 1148 3424; x_wconf 93' lang='lat' dir='ltr'><strong>ob</strong></span> <span class='ocrx_word' id='word_1_262' title='bbox 1176 3359 1469 3440; x_wconf 86' lang='lat' dir='ltr'><strong>consuetudinem,</strong></span> <span class='ocrx_word' id='word_1_263' title='bbox 1489 3352 1609 3442; x_wconf 88' lang='lat' dir='ltr'><strong>quaeilli</strong></span> 
     </span>
     <span class='ocr_line' id='line_1_31' title="bbox 416 3442 1606 3533; baseline -0.009 -18"><span class='ocrx_word' id='word_1_264' title='bbox 416 3450 486 3515; x_wconf 82' lang='lat' dir='ltr'><strong>erit</strong></span> <span class='ocrx_word' id='word_1_265' title='bbox 508 3471 586 3516; x_wconf 89' lang='lat' dir='ltr'><strong>cum</strong></span> <span class='ocrx_word' id='word_1_266' title='bbox 613 3449 748 3528; x_wconf 89' lang='lat' dir='ltr'><strong>nostn&#39;s,</strong></span> <span class='ocrx_word' id='word_1_267' title='bbox 767 3447 825 3533; x_wconf 92' lang='lat' dir='ltr'><strong>qui</strong></span> <span class='ocrx_word' id='word_1_268' title='bbox 842 3446 914 3513; x_wconf 88' lang='lat' dir='ltr'><strong>eius</strong></span> <span class='ocrx_word' id='word_1_269' title='bbox 941 3444 1099 3511; x_wconf 89' lang='lat' dir='ltr'><strong>canitiem</strong></span> <span class='ocrx_word' id='word_1_270' title='bbox 1115 3457 1149 3512; x_wconf 92' lang='lat' dir='ltr'><strong>et</strong></span> <span class='ocrx_word' id='word_1_271' title='bbox 1166 3446 1290 3514; x_wconf 90' lang='lat' dir='ltr'><strong>solidas</strong></span> <span class='ocrx_word' id='word_1_272' title='bbox 1311 3448 1455 3514; x_wconf 88' lang='lat' dir='ltr'><strong>uirtutes</strong></span> <span class='ocrx_word' id='word_1_273' title='bbox 1469 3442 1606 3517; x_wconf 83' lang='lat' dir='ltr'><strong>admirati,</strong></span> 
     </span>
     <span class='ocr_line' id='line_1_32' title="bbox 423 3536 1606 3622; baseline 0.003 -19"><span class='ocrx_word' id='word_1_274' title='bbox 423 3538 521 3604; x_wconf 85' lang='lat' dir='ltr'><strong>facile</strong></span> <span class='ocrx_word' id='word_1_275' title='bbox 537 3539 572 3604; x_wconf 92' lang='lat' dir='ltr'><strong>in</strong></span> <span class='ocrx_word' id='word_1_276' title='bbox 588 3538 699 3605; x_wconf 85' lang='lat' dir='ltr'><strong>officio</strong></span> <span class='ocrx_word' id='word_1_277' title='bbox 714 3536 994 3614; x_wconf 90' lang='lat' dir='ltr'><strong>continebuntur,</strong></span> <span class='ocrx_word' id='word_1_278' title='bbox 1014 3544 1085 3598; x_wconf 92' lang='lat' dir='ltr'><strong>tum</strong></span> <span class='ocrx_word' id='word_1_279' title='bbox 1102 3546 1239 3622; x_wconf 89' lang='lat' dir='ltr'><strong>propter</strong></span> <span class='ocrx_word' id='word_1_280' title='bbox 1253 3537 1511 3614; x_wconf 67' lang='lat' dir='ltr'><strong>exhortationes</strong></span> <span class='ocrx_word' id='word_1_281' title='bbox 1529 3550 1606 3616; x_wconf 65' lang='lat' dir='ltr'><strong>quas,</strong></span> 
     </span>
     <span class='ocr_line' id='line_1_33' title="bbox 422 3622 1606 3711; baseline -0.006 -19"><span class='ocrx_word' id='word_1_282' title='bbox 422 3627 471 3692; x_wconf 92' lang='lat' dir='ltr'><strong>uti</strong></span> <span class='ocrx_word' id='word_1_283' title='bbox 488 3629 530 3695; x_wconf 88' lang='lat' dir='ltr'><strong>T.</strong></span> <span class='ocrx_word' id='word_1_284' title='bbox 549 3630 590 3696; x_wconf 89' lang='lat' dir='ltr'><strong>R.</strong></span> <span class='ocrx_word' id='word_1_285' title='bbox 609 3626 770 3707; x_wconf 87' lang='lat' dir='ltr'><strong>uoluerit,</strong></span> <span class='ocrx_word' id='word_1_286' title='bbox 787 3625 843 3691; x_wconf 88' lang='lat' dir='ltr'><strong>ille</strong></span> <span class='ocrx_word' id='word_1_287' title='bbox 859 3623 999 3690; x_wconf 87' lang='lat' dir='ltr'><strong>habebit</strong></span> <span class='ocrx_word' id='word_1_288' title='bbox 1019 3622 1062 3688; x_wconf 89' lang='lat' dir='ltr'><strong>ad</strong></span> <span class='ocrx_word' id='word_1_289' title='bbox 1082 3633 1229 3704; x_wconf 89' lang='lat' dir='ltr'><strong>nostros,</strong></span> <span class='ocrx_word' id='word_1_290' title='bbox 1247 3625 1305 3708; x_wconf 91' lang='lat' dir='ltr'><strong>qui</strong></span> <span class='ocrx_word' id='word_1_291' title='bbox 1328 3647 1370 3692; x_wconf 90' lang='lat' dir='ltr'><strong>eo</strong></span> <span class='ocrx_word' id='word_1_292' title='bbox 1387 3625 1489 3711; x_wconf 83' lang='lat' dir='ltr'><strong>magis</strong></span> <span class='ocrx_word' id='word_1_293' title='bbox 1507 3640 1606 3688; x_wconf 86' lang='lat' dir='ltr'><strong>accen·</strong></span> 
     </span>
     <span class='ocr_line' id='line_1_34' title="bbox 419 3707 1605 3798; baseline -0.01 -18"><span class='ocrx_word' id='word_1_294' title='bbox 419 3715 544 3782; x_wconf 88' lang='lat' dir='ltr'><strong>dentur</strong></span> <span class='ocrx_word' id='word_1_295' title='bbox 559 3717 602 3783; x_wconf 90' lang='lat' dir='ltr'><strong>ad</strong></span> <span class='ocrx_word' id='word_1_296' title='bbox 630 3735 768 3781; x_wconf 91' lang='lat' dir='ltr'><strong>cursum</strong></span> <span class='ocrx_word' id='word_1_297' title='bbox 794 3723 930 3780; x_wconf 90' lang='lat' dir='ltr'><strong>nostrae</strong></span> <span class='ocrx_word' id='word_1_298' title='bbox 947 3710 1135 3778; x_wconf 90' lang='lat' dir='ltr'><strong>uocationis</strong></span> <span class='ocrx_word' id='word_1_299' title='bbox 1162 3713 1423 3794; x_wconf 89' lang='lat' dir='ltr'><strong>conficiendum,</strong></span> <span class='ocrx_word' id='word_1_300' title='bbox 1439 3713 1522 3798; x_wconf 86' lang='lat' dir='ltr'><strong>quod</strong></span> <span class='ocrx_word' id='word_1_301' title='bbox 1535 3707 1605 3774; x_wconf 86' lang='lat' dir='ltr'><strong>illius</strong></span> 
     </span>
     <span class='ocr_line' id='line_1_35' title="bbox 420 3795 1603 3890; baseline -0.009 -20"><span class='ocrx_word' id='word_1_302' title='bbox 420 3806 526 3871; x_wconf 89' lang='lat' dir='ltr'><strong>uerba</strong></span> <span class='ocrx_word' id='word_1_303' title='bbox 542 3804 718 3890; x_wconf 85' lang='lat' dir='ltr'><strong>permagni</strong></span> <span class='ocrx_word' id='word_1_304' title='bbox 746 3800 902 3888; x_wconf 90' lang='lat' dir='ltr'><strong>ponderis</strong></span> <span class='ocrx_word' id='word_1_305' title='bbox 929 3800 1043 3866; x_wconf 81' lang='lat' dir='ltr'><strong>futura</strong></span> <span class='ocrx_word' id='word_1_306' title='bbox 1070 3810 1161 3881; x_wconf 84' lang='lat' dir='ltr'><strong>sunt,</strong></span> <span class='ocrx_word' id='word_1_307' title='bbox 1180 3823 1268 3886; x_wconf 91' lang='lat' dir='ltr'><strong>quae</strong></span> <span class='ocrx_word' id='word_1_308' title='bbox 1283 3825 1352 3869; x_wconf 91' lang='lat' dir='ltr'><strong>non</strong></span> <span class='ocrx_word' id='word_1_309' title='bbox 1367 3825 1410 3870; x_wconf 87' lang='lat' dir='ltr'><strong>ex</strong></span> <span class='ocrx_word' id='word_1_310' title='bbox 1429 3802 1544 3869; x_wconf 87' lang='lat' dir='ltr'><strong>ratione</strong></span> <span class='ocrx_word' id='word_1_311' title='bbox 1557 3795 1603 3862; x_wconf 91' lang='lat' dir='ltr'><strong>ad-</strong></span> 
     </span>
     <span class='ocr_line' id='line_1_36' title="bbox 420 3888 1603 3981; baseline -0.008 -23"><span class='ocrx_word' id='word_1_312' title='bbox 420 3892 686 3972; x_wconf 90' lang='lat' dir='ltr'><strong>ministrationis,</strong></span> <span class='ocrx_word' id='word_1_313' title='bbox 705 3892 764 3958; x_wconf 87' lang='lat' dir='ltr'><strong>sed</strong></span> <span class='ocrx_word' id='word_1_314' title='bbox 779 3913 821 3958; x_wconf 85' lang='lat' dir='ltr'><strong>ex</strong></span> <span class='ocrx_word' id='word_1_315' title='bbox 838 3888 979 3973; x_wconf 91' lang='lat' dir='ltr'><strong>simplici</strong></span> <span class='ocrx_word' id='word_1_316' title='bbox 992 3898 1124 3955; x_wconf 90' lang='lat' dir='ltr'><strong>tantum</strong></span> <span class='ocrx_word' id='word_1_317' title='bbox 1139 3889 1304 3958; x_wconf 90' lang='lat' dir='ltr'><strong>charitate</strong></span> <span class='ocrx_word' id='word_1_318' title='bbox 1320 3890 1481 3977; x_wconf 88' lang='lat' dir='ltr'><strong>proficisci</strong></span> <span class='ocrx_word' id='word_1_319' title='bbox 1498 3903 1603 3981; x_wconf 83' lang='lat' dir='ltr'><strong>cogno·</strong></span> 
     </span>
     <span class='ocr_line' id='line_1_37' title="bbox 419 3977 1602 4068; baseline -0.007 -20"><span class='ocrx_word' id='word_1_320' title='bbox 419 3992 529 4051; x_wconf 87' lang='lat' dir='ltr'><strong>scent.</strong></span> <span class='ocrx_word' id='word_1_321' title='bbox 548 3984 648 4068; x_wconf 84' lang='lat' dir='ltr'><strong>Quae</strong></span> <span class='ocrx_word' id='word_1_322' title='bbox 664 3981 800 4066; x_wconf 90' lang='lat' dir='ltr'><strong>quidem</strong></span> <span class='ocrx_word' id='word_1_323' title='bbox 818 3977 930 4044; x_wconf 90' lang='lat' dir='ltr'><strong>omnia</strong></span> <span class='ocrx_word' id='word_1_324' title='bbox 945 3977 1060 4062; x_wconf 88' lang='lat' dir='ltr'><strong>etiam,</strong></span> <span class='ocrx_word' id='word_1_325' title='bbox 1077 3989 1210 4065; x_wconf 87' lang='lat' dir='ltr'><strong>praeter</strong></span> <span class='ocrx_word' id='word_1_326' title='bbox 1231 3980 1371 4049; x_wconf 89' lang='lat' dir='ltr'><strong>halense</strong></span> <span class='ocrx_word' id='word_1_327' title='bbox 1391 3977 1563 4064; x_wconf 83' lang='lat' dir='ltr'><strong>collegium,</strong></span> <span class='ocrx_word' id='word_1_328' title='bbox 1578 3991 1602 4034; x_wconf 80' lang='lat' dir='ltr'><strong>tn</strong></span> 
     </span>
    </p>
   </div>
   <div class='ocr_carea' id='block_1_6' title="bbox 416 4169 1605 4693">
    <p class='ocr_par' dir='ltr' id='par_1_6' title="bbox 417 4169 1605 4410">
     <span class='ocr_line' id='line_1_38' title="bbox 470 4169 1604 4248; baseline -0.006 -18"><span class='ocrx_word' id='word_1_329' title='bbox 470 4177 479 4208; x_wconf 81' lang='lat'>¹</span> <span class='ocrx_word' id='word_1_330' title='bbox 517 4176 635 4248; x_wconf 84' lang='lat' dir='ltr'><strong>Borgia,</strong></span> <span class='ocrx_word' id='word_1_331' title='bbox 648 4175 679 4231; x_wconf 88' lang='lat' dir='ltr'><strong>in</strong></span> <span class='ocrx_word' id='word_1_332' title='bbox 697 4175 868 4246; x_wconf 88' lang='lat' dir='ltr'><strong>Hispaniam</strong></span> <span class='ocrx_word' id='word_1_333' title='bbox 886 4173 1085 4246; x_wconf 83' lang='lat' dir='ltr'><strong>proficiscens,</strong></span> <span class='ocrx_word' id='word_1_334' title='bbox 1100 4175 1235 4230; x_wconf 86' lang='lat' dir='ltr'><strong>Natalem</strong></span> <span class='ocrx_word' id='word_1_335' title='bbox 1253 4177 1393 4232; x_wconf 80' lang='lat' dir='ltr'><strong>vicarium</strong></span> <span class='ocrx_word' id='word_1_336' title='bbox 1405 4173 1555 4246; x_wconf 82' lang='lat' dir='ltr'><strong>generalem</strong></span> <span class='ocrx_word' id='word_1_337' title='bbox 1567 4169 1604 4220; x_wconf 75' lang='lat' dir='ltr'><strong>So</strong></span> 
     </span>
     <span class='ocr_line' id='line_1_39' title="bbox 417 4253 1605 4338; baseline -0.003 -17"><span class='ocrx_word' id='word_1_338' title='bbox 417 4266 545 4335; x_wconf 88' lang='lat' dir='ltr'><strong>cietatis,</strong></span> <span class='ocrx_word' id='word_1_339' title='bbox 559 4265 691 4338; x_wconf 86' lang='lat' dir='ltr'><strong>exceptis</strong></span> <span class='ocrx_word' id='word_1_340' title='bbox 704 4263 864 4336; x_wconf 87' lang='lat' dir='ltr'><strong>provinciis</strong></span> <span class='ocrx_word' id='word_1_341' title='bbox 882 4262 1053 4336; x_wconf 85' lang='lat' dir='ltr'><strong>Hispaniae,</strong></span> <span class='ocrx_word' id='word_1_342' title='bbox 1067 4264 1270 4320; x_wconf 87' lang='lat' dir='ltr'><strong>constituerat.</strong></span> <span class='ocrx_word' id='word_1_343' title='bbox 1284 4265 1360 4321; x_wconf 89' lang='lat' dir='ltr'><strong>Vide</strong></span> <span class='ocrx_word' id='word_1_344' title='bbox 1379 4282 1472 4338; x_wconf 84' lang='lat' dir='ltr'><strong>supra,</strong></span> <span class='ocrx_word' id='word_1_345' title='bbox 1483 4276 1543 4333; x_wconf 72' lang='lat' dir='ltr'><strong>pag·</strong></span> <span class='ocrx_word' id='word_1_346' title='bbox 1557 4253 1605 4322; x_wconf 63' lang='lat'><strong>643»</strong></span> 
     </span>
     <span class='ocr_line' id='line_1_40' title="bbox 420 4354 561 4410; baseline 0 -1"><span class='ocrx_word' id='word_1_347' title='bbox 420 4363 521 4410; x_wconf 89' lang='lat' dir='ltr'><strong>annot.</strong></span> <span class='ocrx_word' id='word_1_348' title='bbox 535 4354 561 4410; x_wconf 90' lang='lat'><strong>3.</strong></span> 
     </span>
    </p>

    <p class='ocr_par' dir='ltr' id='par_1_7' title="bbox 416 4435 1604 4606">
     <span class='ocr_line' id='line_1_41' title="bbox 469 4435 1604 4516; baseline -0.004 -18"><span class='ocrx_word' id='word_1_349' title='bbox 469 4449 480 4480; x_wconf 90' lang='lat'><strong>¹</strong></span> <span class='ocrx_word' id='word_1_350' title='bbox 520 4446 561 4498; x_wconf 85' lang='lat' dir='ltr'><strong>Ex</strong></span> <span class='ocrx_word' id='word_1_351' title='bbox 575 4445 717 4514; x_wconf 83' lang='lat' dir='ltr'><strong>Regesto,</strong></span> <span class='ocrx_word' id='word_1_352' title='bbox 733 4441 807 4497; x_wconf 83' lang='lat' dir='ltr'><strong>Cod.</strong></span> <span class='ocrx_word' id='word_1_353' title='bbox 827 4441 910 4513; x_wconf 65' lang='lat'><strong>331¹),</strong></span> <span class='ocrx_word' id='word_1_354' title='bbox 923 4441 978 4496; x_wconf 79' lang='lat' dir='ltr'><strong>fol.</strong></span> <span class='ocrx_word' id='word_1_355' title='bbox 998 4454 1028 4495; x_wconf 88' lang='lat'><strong>11</strong></span> <span class='ocrx_word' id='word_1_356' title='bbox 1043 4459 1072 4497; x_wconf 89' lang='lat' dir='ltr'><strong>v.</strong></span> <span class='ocrx_word' id='word_1_357' title='bbox 1092 4442 1124 4497; x_wconf 88' lang='lat' dir='ltr'><strong>In</strong></span> <span class='ocrx_word' id='word_1_358' title='bbox 1137 4441 1280 4512; x_wconf 85' lang='lat' dir='ltr'><strong>margine:</strong></span> <span class='ocrx_word' id='word_1_359' title='bbox 1296 4444 1332 4499; x_wconf 88' lang='grc' dir='ltr'><strong>Ρ.</strong></span> <span class='ocrx_word' id='word_1_360' title='bbox 1348 4444 1467 4516; x_wconf 78' lang='lat' dir='ltr'><strong>Hoffeo.</strong></span> <span class='ocrx_word' id='word_1_361' title='bbox 1480 4440 1508 4494; x_wconf 91' lang='lat' dir='ltr'><strong>P.</strong></span> <span class='ocrx_word' id='word_1_362' title='bbox 1520 4435 1604 4492; x_wconf 65' lang='lat' dir='ltr'><strong>Paulus</strong></span> 
     </span>
     <span class='ocr_line' id='line_1_42' title="bbox 416 4530 1386 4606; baseline 0.005 -21"><span class='ocrx_word' id='word_1_363' title='bbox 416 4533 557 4587; x_wconf 80' lang='lat' dir='ltr'><strong>Hoffaeus</strong></span> <span class='ocrx_word' id='word_1_364' title='bbox 572 4542 634 4586; x_wconf 88' lang='lat' dir='ltr'><strong>erat</strong></span> <span class='ocrx_word' id='word_1_365' title='bbox 647 4531 830 4604; x_wconf 87' lang='lat' dir='ltr'><strong>praepositus</strong></span> <span class='ocrx_word' id='word_1_366' title='bbox 843 4530 1012 4602; x_wconf 89' lang='lat' dir='ltr'><strong>provinciae</strong></span> <span class='ocrx_word' id='word_1_367' title='bbox 1025 4531 1201 4588; x_wconf 84' lang='lat' dir='ltr'><strong>Germaniae</strong></span> <span class='ocrx_word' id='word_1_368' title='bbox 1215 4533 1386 4606; x_wconf 88' lang='lat' dir='ltr'><strong>superioris.</strong></span> 
     </span>
    </p>

    <p class='ocr_par' dir='ltr' id='par_1_8' title="bbox 468 4620 776 4693">
     <span class='ocr_line' id='line_1_43' title="bbox 468 4620 776 4693; baseline -0.006 -19"><span class='ocrx_word' id='word_1_369' title='bbox 468 4623 480 4654; x_wconf 82' lang='lat'>⁵</span> <span class='ocrx_word' id='word_1_370' title='bbox 518 4620 592 4674; x_wconf 88' lang='lat' dir='ltr'><strong>Vide</strong></span> <span class='ocrx_word' id='word_1_371' title='bbox 606 4620 696 4693; x_wconf 83' lang='lat' dir='ltr'><strong>epist.</strong></span> <span class='ocrx_word' id='word_1_372' title='bbox 715 4631 776 4689; x_wconf 81' lang='lat'><strong>557.</strong></span> 
     </span>
    </p>
   </div>
   <div class='ocr_carea' id='block_1_7' title="bbox 0 0 1746 5385">
    <p class='ocr_par' dir='ltr' id='par_1_9' title="bbox 0 0 1746 5385">
     <span class='ocr_line' id='line_1_44' title="bbox 0 0 1746 5385; baseline 0 0"><span class='ocrx_word' id='word_1_373' title='bbox 0 0 1746 5385; x_wconf 95' lang='lat' dir='ltr'><strong> </strong></span> 
     </span>
    </p>
   </div>
  </div>
 </body>
</html>
