3384 5382
444 471 498 542 534
830 473 935 528 Earsr.
957 472 991 531 P.
1011 472 1215 544 Nauae-497

347 665 360 676 -
406 645 475 709 que
492 627 630 694 todauia
646 626 738 694 tione
754 627 846 694 buen
863 631 1020 694 numero.
1039 627 1122 694 Esto
1137 627 1287 694 acabada
1301 627 1334 692 la
1348 624 1476 712 igtesia
1493 624 1560 706 dei,
1573 626 1632 710 yla

406 740 451 806 de
466 753 607 826 nuestra
622 761 703 810 casa
718 763 757 810 se
772 746 975 826 comencard
996 763 1078 827 muy
1099 751 1226 828 prest03
1250 761 1390 828 porque,
1414 738 1446 808 si
1470 741 1505 808 el
1527 741 1629 806 lilrno.

406 855 579 924 Frenissio
595 867 612 900 ²
631 877 676 924 no
691 879 730 926 se
745 855 937 926 determina
947 858 991 926 de
1003 879 1110 944 poner
1121 858 1226 945 luego
1237 858 1287 925 las
1299 878 1422 924 manos
1434 877 1538 924 como
1550 857 1629 922 loha

404 970 570 1056 ofrepido,
588 972 622 1038 la
637 991 924 1060 comencaremos,
941 973 1117 1040 confiados
1133 993 1177 1040 en
1192 974 1225 1040 la
1238 973 1335 1039 volsa
1349 973 1396 1056 de¹
1408 970 1503 1039 Dios
1519 973 1562 1037 N.
1580 973 1625 1048 S,

404 1105 471 1170 que
487 1107 525 1153 es
539 1091 614 1154 mas
630 1085 714 1169 rica,
732 1109 754 1173 y
769 1100 815 1173 ya
831 1109 875 1174 ay
896 1089 1096 1156 cardenales
1116 1109 1185 1174 que
1204 1087 1343 1173 ofrceeu
1362 1108 1470 1172 cerea
1494 1087 1537 1154 de
1559 1086 1627 1168 cieri

348 1197 351 1202 ’
403 1201 552 1268 escudos
568 1203 657 1269 cada
673 1224 746 1270 mes
761 1225 847 1290 para
863 1204 897 1269 la
912 1203 1021 1283 labor,
1039 1225 1063 1290 y
1078 1209 1099 1270 a
1114 1204 1165 1272 Su
1181 1203 1348 1274 Santidad
1363 1204 1395 1271 le
1412 1223 1542 1290 pareee
1556 1201 1626 1268 bien

330 1301 334 1308 ’
402 1335 470 1400 que
485 1337 523 1384 se
539 1315 714 1403 comience
729 1323 790 1385 asi.
810 1319 864 1386 De
879 1319 914 1384 lo
929 1339 997 1403 que
1014 1318 1121 1400 fuere,
1141 1319 1369 1388 auissarernos
1383 1321 1469 1412 AV.
1494 1320 1536 1384 R.
1558 1319 1625 1384 Con

400 1431 452 1496 las
467 1429 631 1498 limosnas
645 1453 714 1518 que
730 1433 780 1502 Su
798 1433 967 1502 Santidad
983 1454 1046 1502 nos
1062 1436 1148 1501 haze
1164 1435 1206 1502 de
1222 1456 1263 1502 su
1284 1455 1395 1516 cassa,
1418 1457 1442 1520 y
1464 1435 1498 1500 la
1518 1433 1624 1520 gracia

402 1567 470 1631 que
485 1565 550 1612 nos
567 1548 720 1632 concede
737 1548 779 1616 de
795 1550 847 1616 los
863 1558 1012 1631 montes,
1032 1571 1096 1616 nos
1111 1550 1155 1617 da
1172 1570 1236 1636 por
1250 1559 1318 1620 ano
1337 1549 1410 1618 mill
1434 1572 1459 1638 y
1479 1547 1622 1634 quinien-

401 1671 455 1725 tos
471 1662 628 1746 escudos‚
645 1664 689 1730 de
705 1685 774 1749 que
789 1666 821 1732 el
837 1663 985 1752 collegio
1001 1687 1039 1734 es
1055 1667 1243 1754 proueydo.

468 1798 503 1863 9.
553 1778 771 1865 Estamparse
790 1802 835 1848 an
850 1781 902 1848 las
919 1779 1186 1866 constituciones
1203 1781 1413 1870 corregr'das,
1433 1791 1548 1868 presto
1565 1783 1584 1860 ¹,
1599 1801 1619 1864 y

404 1891 436 1956 el
452 1889 541 1958 libro
557 1915 624 1978 que
638 1894 670 1960 ei
687 1895 728 1960 P.
747 1893 986 1982 Ribadeneyra
1010 1918 1055 1964 va
1078 1896 1333 1982 perfipionando
1359 1900 1404 1967 de
1424 1899 1460 1964 la
1479 1897 1556 1963 vida
1579 1896 1615 1960 de

402 2006 446 2071 N.
468 2009 508 2072 P.
528 2007 679 2094 Ignacio,
698 2009 741 2076 de
756 2009 870 2079 buena
891 2011 1066 2082 memoria.
1088 2014 1141 2080 De
1162 2025 1286 2098 quatro
1306 2013 1497 2098 librosque
1517 2013 1557 2076 ha
1578 2011 1613 2074 de

403 2120 523 2201 llebar,
542 2121 633 2190 tiene
648 2123 699 2190 los
714 2126 778 2192 dos
794 2127 933 2194 hechos.
953 2127 1043 2196 Creo
1059 2149 1127 2212 que
1142 2134 1217 2196 sera
1232 2149 1316 2196 cosa
1331 2131 1375 2196 de
1390 2127 1612 2212 edificacidny

404 2235 498 2302 fruto
513 2239 537 2304 ¹.
554 2239 622 2306 Los
638 2240 840 2310 cardenales
856 2243 912 2308 del
928 2242 1074 2328 concilio
1090 2246 1159 2310 han
1176 2244 1389 2330 aueriguado
1406 2267 1475 2331 que
1490 2265 1525 2310 se
1539 2262 1610 2328 pue·
1665 2311 1666 2328 ,

403 2350 471 2420 den
487 2353 593 2422 hazer
605 2355 654 2422 las
668 2357 850 2441 renunpias
861 2379 923 2444 por
935 2359 986 2424 los
999 2369 1171 2442 nuestros,
1186 2362 1360 2430 conforme
1372 2368 1392 2429 a
1404 2373 1542 2432 nuestro
1553 2358 1610 2423 ins·
1665 2359 1666 2408 1

402 2465 506 2534 tituto
521 2492 543 2555 y
558 2470 839 2557 constitucioneS,
858 2472 910 2540 sin
927 2476 1075 2562 derogat
1090 2476 1123 2542 al
1136 2475 1293 2560 concilio.
1308 2479 1359 2546 La
1371 2499 1478 2546 causa
1490 2499 1511 2562 y
1522 2472 1610 2560 pleito

399 2582 456 2648 del
471 2585 686 2670 beneficiado
702 2588 745 2655 de
761 2589 891 2658 Toledo
903 2613 940 2658 se
951 2590 1006 2684 ¹uei
1019 2611 1083 2658 con
1096 2591 1291 2679 diligencia,
1306 2615 1446 2680 aunque
1457 2615 1493 2662 se
1504 2613 1522 2658 a
1534 2589 1607 2655 alar·

368 2734 381 2764 ι
398 2697 490 2781 gado
506 2699 585 2785 algo
602 2704 784 2771 masdeio
802 2726 869 2795 que
886 2727 924 2772 se
939 2727 1093 2794 pensaua
1111 2710 1135 2774 ³.
1154 2711 1268 2776 Deseo
1285 2731 1386 2780 sauer
1407 2716 1504 2777 cumo
1525 2708 1552 2772 le
1571 2725 1605 2766 va

397 2812 441 2878 de
457 2814 557 2878 saiud
574 2822 594 2881 a
610 2818 656 2884 V.
675 2819 731 2899 R,
750 2821 832 2904 yde
849 2823 1014 2908 negocios
1029 2845 1072 2890 en
1088 2845 1183 2892 essas
1198 2836 1314 2911 partes
1334 2847 1443 2894 varas
1459 2827 1500 2894 de
1518 2823 1601 2890 Flan-

397 2927 470 3009 des,
489 2949 620 3015 porque
636 2938 697 2998 aea
713 2955 775 3000 nos
791 2937 861 3002 dan
877 2958 958 3024 muy
976 2941 1106 3007 buenas
1123 2961 1254 3008 nueuas
1269 2942 1312 3008 de
1328 2941 1362 3008 la
1377 2939 1552 3030 diligencia
1568 2935 1603 3000 de

398 3042 430 3106 la
446 3041 555 3109 Er.cia
571 3046 626 3112 del
641 3047 757 3134 duque
772 3050 816 3116 de
832 3052 926 3118 Alua
941 3053 953 3086 ⁴
970 3075 1014 3120 en
1031 3076 1173 3140 sosegar
1188 3057 1222 3124 la
1237 3056 1351 3138 tierra,
1370 3077 1440 3144 que
1451 3059 1522 3126 sert
1532 3072 1601 3139 gran

399 3183 597 3198 *αι-ιι.-

448 3255 465 3289 2
492 3245 554 3318 Sic,
567 3265 620 3320 pro
633 3251 791 3312 Farnasio.

398 3369 597 3382 ——-——-

449 3431 456 3462 ¹
497 3433 542 3487 De
556 3434 611 3490 hac
624 3437 869 3497 constitutionum
884 3441 1025 3514 editione,
1040 3461 1116 3517 quae
1130 3461 1207 3501 anno
1222 3442 1300 3520 1568,
1313 3458 1438 3506 curante
1450 3445 1546 3517 Borgia
1556 3441 1600 3496 R0·

395 3534 461 3573 mae
476 3521 594 3592 prodiit,
605 3532 635 3578 et
648 3524 685 3581 de
698 3526 774 3598 aliis,
785 3527 824 3583 cf.
839 3531 887 3586 Ds
898 3545 937 3586 La
950 3533 1072 3607 Tonas,
1086 3532 1320 3594 constitutiones
1330 3537 1486 3596 Societatr's
1492 3535 1557 3608 Jera
1566 3531 1599 3583 li·

393 3608 477 3664 tinae
489 3614 518 3664 et
530 3612 716 3686 hispanicae,
726 3633 797 3688 pag.
813 3630 834 3672 v
849 3627 879 3674 et
892 3637 977 3694 seqq.
996 3621 1235 3681 Sottussrrvonttr.
1247 3633 1357 3698 autem,
1371 3628 1401 3683 in
1417 3622 1596 3690 Bibliotha'iffl

392 3698 429 3751 da
442 3697 474 3752 la
485 3698 671 3774 campagnia
684 3705 720 3760 de
726 3705 828 3776 staur,
843 3709 880 3776 V,
894 3722 929 3778 75
942 3718 973 3766 et
991 3727 1076 3785 seqq.
1099 3713 1198 3785 plures
1214 3715 1458 3774 constitutionum
1474 3713 1596 3772 editiones

392 3796 538 3857 recenset;
554 3790 625 3846 nihil
640 3799 737 3849 tamen
748 3795 785 3850 de
798 3797 865 3868 hac,
878 3815 953 3870 quae
968 3817 1044 3855 anno
1063 3803 1132 3872 1568
1149 3803 1294 3876 prodiisse
1312 3804 1440 3879 videtur,
1458 3797 1592 3861 annotavit.

395 3873 467 3928 Eam
481 3893 551 3931 vero
564 3891 773 3939 commemorat
786 3885 821 3940 P.
841 3885 890 3942 DE
903 3900 943 3942 La
958 3889 1080 3960 Totttttt,
1094 3893 1151 3948 loc.
1164 3892 1229 3964 cit,
1242 3910 1309 3965 pag.
1324 3907 1365 3950 vt.
1663 3933 1664 3940 .

445 3967 456 3996 2
495 3965 752 4041 vireepisr.4s7.
1663 3963 1664 4042 1

445 4053 457 4084 ³
494 4051 596 4110 Sermo
610 4068 656 4112 est
668 4058 706 4115 de
719 4061 944 4120 Bartholomaeo
961 4065 999 4123 de
1018 4069 1177 4138 Carranza,
1199 4069 1236 4128 0.
1256 4072 1304 4140 Ρ.,
1317 4075 1527 4147 archiepiscopo
1538 4065 1594 4120 tote·

392 4147 472 4195 tano.
488 4142 559 4213 Ejus
572 4161 662 4202 causa
674 4165 712 4204 ex
725 4149 924 4222 inquisitionis
937 4155 1078 4228 hispanae
1092 4159 1231 4217 tribunali
1244 4159 1281 4216 ad
1293 4178 1326 4218 se
1338 4163 1409 4218 Pius
1420 4164 1447 4218 V
1461 4151 1593 4220 revocavit·

394 4228 440 4283 De
451 4245 486 4283 eo
499 4233 618 4305 saepius
632 4235 661 4290 in
675 4239 922 4309 praecedentibus
936 4245 1060 4316 Borgiae
1081 4248 1214 4319 epistolis
1232 4248 1345 4306 dictum
1364 4260 1421 4308 est.
1441 4250 1509 4308 Vide
1525 4241 1591 4316 epist.

394 4329 458 4386 470,
470 4337 499 4374 n·
512 4319 539 4388 83
553 4331 584 4377 et
597 4339 661 4394 490,
675 4344 704 4381 n·
719 4339 746 4396 7·

445 4409 464 4440 ⁴*
495 4409 695 4469 Ferdiuaudus
709 4417 837 4484 Aluarez
849 4418 886 4474 de
900 4421 1021 4478 Tuledo.
1038 4425 1084 4479 De
1107 4441 1143 4481 eo
1156 4427 1194 4482 ci.
1217 4426 1365 4502 Catdlogo
1377 4432 1414 4488 ds
1426 4431 1471 4488 las
1485 4417 1590 4483 00161110·

390 4511 440 4550 aas
452 4501 609 4567 expiatas
621 4519 656 4556 en
671 4503 718 4558 las
740 4507 873 4562 citrinos
894 4511 943 4565 del
961 4511 1084 4582 palacio
1105 4517 1141 4570 da
1157 4515 1254 4572 Liria.
1269 4515 1353 4590 Opus
1370 4537 1441 4576 saue
1458 4509 1590 4576 eruditione

389 4583 519 4654 plenum,
533 4603 549 4641 a
562 4588 679 4646 ducissa
692 4591 730 4648 de
743 4595 879 4652 Berwick
892 4607 923 4653 et
936 4599 973 4655 de
989 4601 1076 4672 Alba,
1089 4603 1239 4670 comitissa
1250 4606 1288 4662 de
1298 4606 1425 4681 Shusha,
1437 4607 1532 4664 editum
1543 4594 1585 4650 Mi·
1662 4607 1663 4612 ’

387 4669 461 4742 triti,
477 4673 555 4744 1898.
570 4678 603 4731 In
617 4680 671 4734 hoc
684 4685 819 4754 catalogo
836 4688 1026 4745 continentur
1042 4701 1196 4752 accuratae
1218 4695 1433 4770 descriptiones
1449 4689 1584 4772 praecipua
