3564 5380
749 781 780 839 θ

501 905 724 963 ELISABETH
743 908 795 963 DE
813 907 1036 964 BRIGANTIA

410 1007 569 1092 PATm
598 1023 917 1092 HIERONYMO
945 1025 1129 1094 NADAL

545 1165 753 1227 msswomz,
766 1156 784 1210 6
795 1168 866 1223 mm
884 1167 953 1226 1554
966 1155 986 1212 ¹.

370 1273 513 1328 Fratrem
525 1289 616 1327 suum
633 1271 833 1327 Theutonium
846 1271 955 1327 Natali
966 1275 1165 1330 commendat.

214 1391 312 1457 Ibus,
331 1387 543 1458 MuitoRdo.
562 1388 675 1455 Padre
694 1387 885 1455 comisairo.
905 1390 985 1457 Meu
1005 1387 1137 1456 irmaho
1156 1390 1235 1456 dom
1259 1391 1380 1460 Theo·

129 1479 271 1546 tonio'
289 1501 353 1546 uos
368 1477 425 1545 uai
440 1477 577 1557 buscar,
595 1496 693 1543 como
708 1475 764 1562 pai
779 1500 799 1545 e
815 1476 965 1544 remedio
979 1478 1022 1545 de
1043 1500 1107 1545 sua
1123 1480 1337 1565 consolacfio,
1357 1504 1377 1548 e

132 1589 235 1655 pata
252 1566 399 1654 praticar
414 1586 490 1632 com
516 1586 623 1633 uosco
648 1586 771 1632 cousas
797 1586 865 1650 que
893 1572 991 1632 τοοᾶο
1006 1588 1026 1633 a
1042 1587 1104 1635 sua
1130 1567 1218 1635 alma
1238 1591 1258 1636 e
1279 1589 1378 1636 asua

135 1657 245 1722 uida.
267 1658 339 1723 Por
359 1676 454 1722 amor
474 1655 642 1742 de=nosso
666 1655 800 1722 Senhor
816 1674 879 1720 uos
898 1674 994 1740 ρεςο,
1012 1676 1080 1739 que
1095 1678 1150 1724 em
1171 1657 1256 1724 tudo
1272 1676 1377 1741 oque

136 1746 327 1834 puderdes
343 1744 515 1811 consolalo
531 1765 553 1809 o
569 1735 693 1827 sacaeS,
722 1743 983 1810 lembrandouos
1010 1755 1156 1829 quantos
1172 1766 1285 1812 somos
1301 1766 1340 1811 os
1356 1767 1377 1812 a

136 1854 221 1918 que
238 1833 343 1901 fazeis
358 1843 432 1900 esta
458 1831 652 1910 charidade,
677 1852 697 1896 e
717 1852 737 1896 a
756 1829 837 1896 mim
856 1830 1136 1917 principalmente
1152 1855 1173 1900 a
1200 1833 1305 1903 {azeis
1321 1855 1377 1902 em

141 1933 316 1991 estremo:
335 1941 464 2008 porque
479 1939 586 2004 quero
602 1920 763 1986 tamanho
775 1921 852 1986 bem
866 1942 885 1985 a
897 1929 970 1988 este
981 1919 1100 2002 irm50,
1115 1942 1182 2005 que
1194 1921 1285 1988 sinto
1296 1943 1377 1990 seus

144 2012 333 2078 trabalhos
346 2009 524 2076 'dobrados'
534 2010 578 2076 do
594 2030 661 2093 que
676 2029 715 2074 os
731 2008 795 2076 elle
810 2020 919 2076 sente.
943 2009 1017 2077 Elle
1037 2012 1081 2078 he
1098 2015 1154 2076 tio
1176 2010 1343 2093 uirtuosQ
1357 2033 1378 2076 e

146 2110 227 2168 t'em
245 2107 363 2165 tantas·
373 2109 498 2184 partes,
517 2119 599 2182 para
615 2108 666 2166 ter
682 2107 775 2162 certo
791 2098 834 2163 de
848 2118 911 2163 vos
926 2096 1078 2166 sazerdes
1094 2099 1174 2165 todo
1189 2120 1211 2165 ο
1226 2099 1378 2184 possiuel

148 2189 237 2274 polo
251 2190 420 2269 consolat,
438 2207 507 2270 que
521 2208 559 2254 se
574 2192 642 2252 nio
658 2186 731 2250 sora
746 2185 896 2269 cumprir
910 2185 1059 2271 comig0‚
1081 2187 1159 2255 bem
1176 2189 1305 2273 pudera
1320 2207 1378 2254 es-

123 2347 127 2354 ,
148 2297 258 2342 cusar
273 2276 316 2343 de
331 2277 410 2342 volo
425 2295 584 2342 escreuer
605 2273 974 2354 encomendandovolo,
997 2295 1126 2360 porque
1142 2295 1204 2363 por
1223 2297 1294 2343 sem
1310 2277 1379 2342 du-

148 2364 238 2432 uida
255 2367 360 2431 tenho
381 2364 528 2430 'vsardes
555 2384 621 2429 con
637 2363 701 2430 elle
716 2364 759 2430 de
777 2363 873 2428 todos
901 2384 939 2428 os
965 2363 1228 2448 comprimentos
1248 2385 1379 2432 eamor
1447 2379 1449 2384 ’

150 2447 223 2521 cori
240 2475 309 2539 que
323 2475 361 2521 se
385 2453 510 2520 deuem
538 2462 642 2517 tratar
658 2473 695 2517 as
711 2471 849 2536 pessoas
864 2451 907 2518 de
923 2460 1016 2517 tanta
1044 2451 1235 2535 qualidade:
1253 2473 1273 2520 e
1289 2465 1378 2518 tam·

150 2543 235 2609 bem
250 2542 308 2607 vai
323 2548 379 2608 tfio
394 2541 532 2619 doente,
550 2561 617 2624 que
632 2539 732 2606 ainda
747 2560 855 2626 agora
866 2550 984 2606 estana
996 2540 1081 2606 mais
1096 2561 1178 2626 para
1189 2563 1211 2607 ο
1223 2561 1378 2608 curarem

151 2637 227 2698 nfia
242 2629 466 2708 emfermaria,
485 2649 552 2713 que
573 2649 653 2715 para
673 2650 695 2694 ο
722 2629 878 2694 trabalho
904 2628 1000 2695 deste
1027 2629 1194 2696 carninho.
1214 2631 1377 2716 Rogovos

153 2720 278 2798 musto,
299 2721 421 2800 Padre,
438 2739 506 2803 que
521 2739 543 2783 ο
558 2739 626 2802 que
638 2716 852 2784 assentardes
867 2738 945 2783 com
960 2739 1040 2785 meu
1055 2717 1173 2798 irmfio,
1191 2740 1211 2786 e
1226 2719 1324 2786 todas
1339 2740 1378 2785 as

155 2807 360 2875 charidades
375 2829 442 2892 que
458 2827 520 2892 por
535 2827 630 2872 amor
644 2805 688 2873 de
705 2808 750 2872 mi
769 2806 826 2872 lhe
845 2805 1010 2887 sezerdeS,
1034 2827 1090 2874 me
1108 2807 1271 2888 screuais,
1293 2828 1378 2892 para

157 2918 224 2963 vos
241 2917 287 2963 eu
307 2897 391 2962 ficar
411 2895 490 2962 toda
509 2893 624 2962 minha
643 2894 722 2960 vida
742 2915 785 2960 en
806 2895 1000 2981 obrigacfim
1024 2917 1104 2980 para
1124 2898 1271 2964 tambem
1288 2897 1381 2963 facer

159 2985 327 3070 qualquer
342 3005 448 3050 cousa
464 3004 531 3068 que
546 3005 608 3049 vos
624 2993 721 3050 nesta
738 2993 826 3049 terra
843 2984 991 3069 compn'r
1006 2983 1113 3050 muito
1128 2983 1377 3053 inteiramente.

159 3075 215 3140 Eu
231 3075 298 3140 fico
312 3073 347 3138 in
364 3094 461 3139 cama
480 3071 589 3137 muito
610 3073 865 3157 maldesposta,
888 3095 907 3139 e
923 3093 985 3157 por
996 3071 1072 3139 ·isso
1087 3094 1151 3139 vos
1172 3079 1238 3140 nao
1258 3094 1381 3140 screuo

160 3173 236 3231 esta
251 3171 344 3228 carta
359 3164 403 3230 de
418 3159 535 3226 minha
560 3166 649 3238 ῐῃὲιο,
678 3181 757 3227 nem
783 3181 844 3226 vos
862 3181 962 3245 posso
988 3159 1082 3226 dizer
1096 3171 1232 3245 muytas
1258 3182 1382 3228 cousas

159 3262 281 3318 outras
292 3271 360 3336 que
375 3249 525 3334 quisera.
539 3251 652 3316 Nosso
664 3249 797 3316 Senhor
812 3270 912 3315 vossa
923 3248 1031 3314 muito
1043 3248 1128 3315 Rda.
1144 3269 1265 3333 pessoa
1278 3253 1381 3319 tenha

157 3361 203 3407 en
215 3359 277 3406 sua
293 3338 440 3426 especial
456 3340 600 3423 guarda.
621 3340 672 3404 De
689 3336 830 3416 Lixboa,
849 3336 916 3420 avj
934 3339 977 3403 de
998 3339 1099 3421 Mayo
1114 3337 1157 3405 de
1178 3353 1273 3422 1554.

761 3426 917 3493 IFFANTA
941 3445 1039 3493 υοΝΑ
1062 3426 1203 3493 Iseum.

227 3519 259 3583 A
276 3523 385 3603 tergo,
405 3537 511 3581 manu
528 3516 651 3580 Patris
667 3515 827 3580 Polanco:
847 3529 941 3597 1554.
960 3513 1070 3600 Copia
1084 3515 1128 3581 de
1144 3535 1211 3580 vna
1227 3513 1313 3582 letra
1327 3515 1382 3583 del

160 3607 278 3691 duque
293 3629 316 3691 y
332 3607 376 3672 de
394 3615 467 3672 otta
483 3606 527 3673 de
542 3604 575 3670 la
590 3601 721 3669 infanta
734 3604 825 3670 dona
840 3603 959 3670 Isabel.

162 3737 376 3752 *-

218 3803 228 3836 ¹
266 3801 309 3855 Ex
322 3801 488 3872 apographo
500 3813 620 3863 coaevo,
635 3797 665 3853 in
679 3795 751 3852 Cod.
766 3812 817 3865 44,
832 3797 919 3852 unico
934 3795 996 3864 ἰοὶ,
1012 3809 1065 3866 207
1076 3797 1162 3868 (564).
1179 3797 1226 3853 Ad
1237 3799 1312 3854 hanc
1324 3797 1386 3870 epi-

161 3890 269 3945 stolam
281 3888 386 3944 melius
399 3885 621 3958 intelligendam
631 3885 670 3941 cf.
681 3885 779 3958 Epist.
790 3885 907 3954 Natat„
918 3886 942 3954 1,
955 3885 1014 3955 148,
1029 3897 1089 3956 157,
1100 3897 1229 3958 205·211,
1240 3900 1302 3956 259,
1314 3894 1384 3956 etc.;

164 3977 483 4050 Epist.Mixtae,1v‚
508 3973 601 4046 17·23,
623 3984 686 4045 101,
710 3987 771 4042 102,
793 3981 863 4041 etc.;
886 3982 917 4029 et
937 3973 1101 4046 ΡοιΑΝοο,
1126 3975 1251 4048 ΟΙινοη.,
1272 3977 1312 4048 11,
1336 3977 1386 4046 III,

162 4077 193 4122 et
206 4067 260 4134 vl,
272 4066 398 4138 saepius.

215 4154 228 4188 2
263 4153 449 4210 Theutonius
461 4152 499 4208 de
513 4153 662 4223 Brnganqa
675 4159 737 4207 erat
748 4151 827 4207 filius
840 4153 951 4223 Jacobi,
971 4151 1054 4208 ducis
1072 4151 1124 4222 IV,
1138 4159 1169 4208 et
1186 4154 1264 4210 illius
1281 4169 1387 4208 secun·

162 4241 217 4298 dae
234 4240 334 4299 uxoris
352 4243 483 4314 Joannae
501 4240 539 4296 de
556 4239 707 4296 Mendoza.
726 4239 878 4296 Elisabeth
896 4247 994 4295 autem
1007 4240 1044 4295 de
1055 4241 1215 4313 Braganqa,
1225 4257 1301 4314 quae
1310 4242 1387 4296 hane

161 4333 316 4404 epistolam
329 4331 457 4402 scripsit,
471 4338 534 4386 erat
546 4329 607 4384 filia
620 4328 752 4400 ejusdem
765 4327 868 4400 Jacobi
881 4328 934 4400 IV,
946 4337 977 4386 et
990 4329 1094 4402 prioris
1107 4330 1206 4386 uxoris
1224 4331 1387 4386 Eleonorae

161 4421 198 4477 de
211 4420 364 4476 Mendoza.
378 4418 488 4492 Nupsit
499 4417 646 4488 Eduardo,
659 4416 727 4473 duci
739 4416 777 4473 de
790 4415 976 4477 Guimarfles.
