<?xml version="1.0" encoding="UTF-8"?>
<!DOCTYPE html PUBLIC "-//W3C//DTD XHTML 1.0 Transitional//EN"
    "http://www.w3.org/TR/xhtml1/DTD/xhtml1-transitional.dtd">
<html xmlns="http://www.w3.org/1999/xhtml" xml:lang="en" lang="en">
 <head>
  <title>
</title>
<meta http-equiv="Content-Type" content="text/html;charset=utf-8" />
  <meta name='ocr-system' content='tesseract 3.04.00' />
  <meta name='ocr-capabilities' content='ocr_page ocr_carea ocr_par ocr_line ocrx_word'/>
</head>
<body>
  <div class='ocr_page' id='page_1' title='image "./epistolaephiero01nadagoog_0068.png"; bbox 0 0 3494 5392; ppageno 0'>
   <div class='ocr_carea' id='block_1_1' title="bbox 652 497 1354 567">
    <p class='ocr_par' dir='ltr' id='par_1_1' title="bbox 652 497 1354 567">
     <span class='ocr_line' id='line_1_1' title="bbox 652 497 1354 567; baseline -0.004 -14"><span class='ocrx_word' id='word_1_1' title='bbox 652 497 820 555; x_wconf 74' lang='grc'><strong>1611011111</strong></span> <span class='ocrx_word' id='word_1_2' title='bbox 841 497 910 567; x_wconf 86' lang='lat'>1566</span> <span class='ocrx_word' id='word_1_3' title='bbox 1319 508 1354 566; x_wconf 83' lang='lat'>29</span> 
     </span>
    </p>
   </div>
   <div class='ocr_carea' id='block_1_2' title="bbox 181 648 1467 3964">
    <p class='ocr_par' dir='ltr' id='par_1_2' title="bbox 181 648 1391 1546">
     <span class='ocr_line' id='line_1_2' title="bbox 181 648 1391 742; baseline -0.007 -21"><span class='ocrx_word' id='word_1_4' title='bbox 181 654 290 742; x_wconf 76' lang='lat' dir='ltr'>parchi</span> <span class='ocrx_word' id='word_1_5' title='bbox 304 672 362 739; x_wconf 92' lang='lat' dir='ltr'>per</span> <span class='ocrx_word' id='word_1_6' title='bbox 378 661 504 737; x_wconf 85' lang='lat' dir='ltr'>questo</span> <span class='ocrx_word' id='word_1_7' title='bbox 526 663 642 737; x_wconf 88' lang='lat' dir='ltr'><strong>tempo</strong></span> <span class='ocrx_word' id='word_1_8' title='bbox 665 651 908 737; x_wconf 86' lang='lat' dir='ltr'>specialmente</span> <span class='ocrx_word' id='word_1_9' title='bbox 926 649 1085 738; x_wconf 85' lang='lat' dir='ltr'>bisognia</span> <span class='ocrx_word' id='word_1_10' title='bbox 1106 652 1224 718; x_wconf 84' lang='lat' dir='ltr'>hauer’</span> <span class='ocrx_word' id='word_1_11' title='bbox 1250 648 1391 734; x_wconf 90' lang='lat' dir='ltr'>rispetto</span> 
     </span>
     <span class='ocr_line' id='line_1_3' title="bbox 183 763 1391 853; baseline -0.005 -17"><span class='ocrx_word' id='word_1_12' title='bbox 183 770 324 836; x_wconf 85' lang='lat' dir='ltr'>alducha</span> <span class='ocrx_word' id='word_1_13' title='bbox 338 766 373 834; x_wconf 87' lang='lat' dir='ltr'>di</span> <span class='ocrx_word' id='word_1_14' title='bbox 390 766 540 835; x_wconf 87' lang='lat' dir='ltr'>Bauiera</span> <span class='ocrx_word' id='word_1_15' title='bbox 559 771 581 849; x_wconf 82' lang='lat'>¹3</span> <span class='ocrx_word' id='word_1_16' title='bbox 599 768 736 853; x_wconf 74' lang='lat' dir='ltr'>perche,</span> <span class='ocrx_word' id='word_1_17' title='bbox 755 767 906 834; x_wconf 86' lang='lat' dir='ltr'>secondo</span> <span class='ocrx_word' id='word_1_18' title='bbox 917 770 964 832; x_wconf 91' lang='lat' dir='ltr'>m&#39;</span> <span class='ocrx_word' id='word_1_19' title='bbox 978 769 1094 834; x_wconf 86' lang='lat' dir='ltr'>hanno</span> <span class='ocrx_word' id='word_1_20' title='bbox 1106 768 1201 832; x_wconf 87' lang='lat' dir='ltr'>detto</span> <span class='ocrx_word' id='word_1_21' title='bbox 1211 763 1315 849; x_wconf 84' lang='lat' dir='ltr'>quelli</span> <span class='ocrx_word' id='word_1_22' title='bbox 1326 765 1391 830; x_wconf 87' lang='lat' dir='ltr'>che</span> 
     </span>
     <span class='ocr_line' id='line_1_4' title="bbox 186 877 1384 970; baseline -0.005 -19"><span class='ocrx_word' id='word_1_23' title='bbox 186 885 213 952; x_wconf 93' lang='lat' dir='ltr'>ci</span> <span class='ocrx_word' id='word_1_24' title='bbox 226 883 413 950; x_wconf 86' lang='lat' dir='ltr'>iauoriuano</span> <span class='ocrx_word' id='word_1_25' title='bbox 429 903 594 970; x_wconf 86' lang='lat' dir='ltr'>appresso</span> <span class='ocrx_word' id='word_1_26' title='bbox 609 881 643 948; x_wconf 91' lang='lat' dir='ltr'>di</span> <span class='ocrx_word' id='word_1_27' title='bbox 659 881 720 963; x_wconf 92' lang='lat' dir='ltr'>lui,</span> <span class='ocrx_word' id='word_1_28' title='bbox 738 883 854 949; x_wconf 90' lang='lat' dir='ltr'>hanno</span> <span class='ocrx_word' id='word_1_29' title='bbox 871 902 989 968; x_wconf 90' lang='lat' dir='ltr'>presso</span> <span class='ocrx_word' id='word_1_30' title='bbox 1005 903 1074 947; x_wconf 91' lang='lat' dir='ltr'>non</span> <span class='ocrx_word' id='word_1_31' title='bbox 1090 903 1128 948; x_wconf 90' lang='lat' dir='ltr'>so</span> <span class='ocrx_word' id='word_1_32' title='bbox 1144 883 1208 946; x_wconf 89' lang='lat' dir='ltr'>che</span> <span class='ocrx_word' id='word_1_33' title='bbox 1228 877 1384 947; x_wconf 84' lang='lat' dir='ltr'>offensio·</span> 
     </span>
     <span class='ocr_line' id='line_1_5' title="bbox 186 993 1390 1085; baseline -0.007 -19"><span class='ocrx_word' id='word_1_34' title='bbox 186 999 227 1080; x_wconf 89' lang='lat' dir='ltr'>ni,</span> <span class='ocrx_word' id='word_1_35' title='bbox 240 1010 271 1066; x_wconf 92' lang='lat' dir='ltr'>et</span> <span class='ocrx_word' id='word_1_36' title='bbox 283 998 360 1084; x_wconf 77' lang='lat' dir='ltr'>perri</span> <span class='ocrx_word' id='word_1_37' title='bbox 374 1019 445 1064; x_wconf 90' lang='lat' dir='ltr'>non</span> <span class='ocrx_word' id='word_1_38' title='bbox 467 997 497 1064; x_wconf 95' lang='lat' dir='ltr'>si</span> <span class='ocrx_word' id='word_1_39' title='bbox 517 997 586 1082; x_wconf 79' lang='lat' dir='ltr'>puo</span> <span class='ocrx_word' id='word_1_40' title='bbox 606 1017 709 1064; x_wconf 86' lang='lat' dir='ltr'>senza</span> <span class='ocrx_word' id='word_1_41' title='bbox 730 999 854 1085; x_wconf 85' lang='lat' dir='ltr'>grand&#39;</span> <span class='ocrx_word' id='word_1_42' title='bbox 875 995 1098 1084; x_wconf 88' lang='lat' dir='ltr'>importanza,</span> <span class='ocrx_word' id='word_1_43' title='bbox 1120 1014 1218 1061; x_wconf 88' lang='lat' dir='ltr'>come</span> <span class='ocrx_word' id='word_1_44' title='bbox 1238 995 1257 1060; x_wconf 81' lang='grc' dir='ltr'>ὁ</span> <span class='ocrx_word' id='word_1_45' title='bbox 1277 993 1390 1078; x_wconf 88' lang='lat' dir='ltr'>quella</span> 
     </span>
     <span class='ocr_line' id='line_1_6' title="bbox 187 1108 1390 1198; baseline -0.002 -18"><span class='ocrx_word' id='word_1_46' title='bbox 187 1116 261 1183; x_wconf 85' lang='lat' dir='ltr'>delle</span> <span class='ocrx_word' id='word_1_47' title='bbox 283 1112 444 1195; x_wconf 88' lang='lat' dir='ltr'>missioni,</span> <span class='ocrx_word' id='word_1_48' title='bbox 462 1116 579 1179; x_wconf 86' lang='lat' dir='ltr'>cauar&#39;</span> <span class='ocrx_word' id='word_1_49' title='bbox 603 1115 685 1180; x_wconf 56' lang='grc' dir='ltr'>ΜΞ0</span> <span class='ocrx_word' id='word_1_50' title='bbox 707 1114 816 1180; x_wconf 89' lang='lat' dir='ltr'>Paulo</span> <span class='ocrx_word' id='word_1_51' title='bbox 837 1115 879 1182; x_wconf 91' lang='lat' dir='ltr'>de</span> <span class='ocrx_word' id='word_1_52' title='bbox 900 1113 979 1198; x_wconf 89' lang='lat' dir='ltr'>quel</span> <span class='ocrx_word' id='word_1_53' title='bbox 998 1113 1087 1190; x_wconf 89' lang='lat' dir='ltr'>loeo,</span> <span class='ocrx_word' id='word_1_54' title='bbox 1105 1109 1183 1178; x_wconf 92' lang='lat' dir='ltr'>cuia</span> <span class='ocrx_word' id='word_1_55' title='bbox 1202 1108 1390 1177; x_wconf 86' lang='lat' dir='ltr'>ofsensione</span> 
     </span>
     <span class='ocr_line' id='line_1_7' title="bbox 186 1222 1389 1316; baseline -0.006 -21"><span class='ocrx_word' id='word_1_56' title='bbox 186 1229 328 1316; x_wconf 88' lang='lat' dir='ltr'>principal</span> <span class='ocrx_word' id='word_1_57' title='bbox 338 1251 421 1315; x_wconf 86' lang='lat' dir='ltr'>pare</span> <span class='ocrx_word' id='word_1_58' title='bbox 435 1230 500 1295; x_wconf 87' lang='lat' dir='ltr'>che</span> <span class='ocrx_word' id='word_1_59' title='bbox 516 1227 566 1294; x_wconf 87' lang='lat' dir='ltr'>sia</span> <span class='ocrx_word' id='word_1_60' title='bbox 582 1249 648 1295; x_wconf 90' lang='lat' dir='ltr'>con</span> <span class='ocrx_word' id='word_1_61' title='bbox 663 1229 697 1296; x_wconf 88' lang='lat' dir='ltr'>la</span> <span class='ocrx_word' id='word_1_62' title='bbox 712 1228 962 1314; x_wconf 82' lang='lat' dir='ltr'>gubernatione</span> <span class='ocrx_word' id='word_1_63' title='bbox 974 1225 1055 1296; x_wconf 89' lang='lat' dir='ltr'>delli</span> <span class='ocrx_word' id='word_1_64' title='bbox 1071 1225 1197 1311; x_wconf 85' lang='lat' dir='ltr'>Canisij</span> <span class='ocrx_word' id='word_1_65' title='bbox 1212 1225 1238 1305; x_wconf 75' lang='lat'>²,</span> <span class='ocrx_word' id='word_1_66' title='bbox 1253 1235 1287 1293; x_wconf 92' lang='lat' dir='ltr'>et</span> <span class='ocrx_word' id='word_1_67' title='bbox 1299 1222 1389 1291; x_wconf 91' lang='lat' dir='ltr'>desi-</span> 
     </span>
     <span class='ocr_line' id='line_1_8' title="bbox 186 1338 1388 1430; baseline -0.007 -16"><span class='ocrx_word' id='word_1_68' title='bbox 186 1345 251 1414; x_wconf 85' lang='lat' dir='ltr'>dera</span> <span class='ocrx_word' id='word_1_69' title='bbox 264 1344 364 1412; x_wconf 58' lang='lat' dir='ltr'>siner*</span> <span class='ocrx_word' id='word_1_70' title='bbox 381 1341 529 1430; x_wconf 89' lang='lat' dir='ltr'>priuato.</span> <span class='ocrx_word' id='word_1_71' title='bbox 553 1344 687 1428; x_wconf 84' lang='lat' dir='ltr'>Questo</span> <span class='ocrx_word' id='word_1_72' title='bbox 707 1343 785 1410; x_wconf 89' lang='lat' dir='ltr'>dico</span> <span class='ocrx_word' id='word_1_73' title='bbox 804 1344 899 1410; x_wconf 77' lang='lat' dir='ltr'>acciti</span> <span class='ocrx_word' id='word_1_74' title='bbox 915 1345 959 1410; x_wconf 91' lang='lat' dir='ltr'>V.</span> <span class='ocrx_word' id='word_1_75' title='bbox 984 1343 1025 1409; x_wconf 90' lang='grc' dir='ltr'>Ρ.</span> <span class='ocrx_word' id='word_1_76' title='bbox 1048 1341 1095 1408; x_wconf 90' lang='lat' dir='ltr'>mi</span> <span class='ocrx_word' id='word_1_77' title='bbox 1114 1339 1223 1407; x_wconf 81' lang='lat' dir='ltr'>faceia</span> <span class='ocrx_word' id='word_1_78' title='bbox 1246 1338 1388 1406; x_wconf 89' lang='lat' dir='ltr'>scriuer&#39;</span> 
     </span>
     <span class='ocr_line' id='line_1_9' title="bbox 185 1459 759 1546; baseline 0 -20"><span class='ocrx_word' id='word_1_79' title='bbox 185 1460 278 1546; x_wconf 89' lang='lat' dir='ltr'>quello</span> <span class='ocrx_word' id='word_1_80' title='bbox 291 1461 352 1527; x_wconf 89' lang='lat' dir='ltr'>che</span> <span class='ocrx_word' id='word_1_81' title='bbox 367 1459 391 1525; x_wconf 95' lang='lat' dir='ltr'>li</span> <span class='ocrx_word' id='word_1_82' title='bbox 407 1462 528 1544; x_wconf 80' lang='lat' dir='ltr'>parer&#39;a</span> <span class='ocrx_word' id='word_1_83' title='bbox 543 1460 582 1524; x_wconf 86' lang='lat' dir='ltr'>in</span> <span class='ocrx_word' id='word_1_84' title='bbox 598 1459 759 1526; x_wconf 85' lang='lat' dir='ltr'>Domino.</span> 
     </span>
    </p>

    <p class='ocr_par' dir='ltr' id='par_1_3' title="bbox 184 1571 1467 2007">
     <span class='ocr_line' id='line_1_10' title="bbox 239 1571 1467 1660; baseline -0.006 -18"><span class='ocrx_word' id='word_1_85' title='bbox 239 1595 266 1660; x_wconf 84' lang='lat'>3.</span> <span class='ocrx_word' id='word_1_86' title='bbox 310 1573 424 1641; x_wconf 91' lang='lat' dir='ltr'>Insino</span> <span class='ocrx_word' id='word_1_87' title='bbox 440 1571 562 1642; x_wconf 83' lang='lat' dir='ltr'>adesso</span> <span class='ocrx_word' id='word_1_88' title='bbox 582 1595 652 1640; x_wconf 91' lang='lat' dir='ltr'>non</span> <span class='ocrx_word' id='word_1_89' title='bbox 671 1573 779 1640; x_wconf 89' lang='lat' dir='ltr'>siamo</span> <span class='ocrx_word' id='word_1_90' title='bbox 798 1573 878 1640; x_wconf 88' lang='lat' dir='ltr'>stati</span> <span class='ocrx_word' id='word_1_91' title='bbox 898 1571 1057 1659; x_wconf 88' lang='lat' dir='ltr'>occupati</span> <span class='ocrx_word' id='word_1_92' title='bbox 1081 1571 1115 1638; x_wconf 90' lang='lat' dir='ltr'>in</span> <span class='ocrx_word' id='word_1_93' title='bbox 1139 1591 1220 1638; x_wconf 88' lang='lat' dir='ltr'>cosa</span> <span class='ocrx_word' id='word_1_94' title='bbox 1243 1571 1388 1637; x_wconf 88' lang='lat' dir='ltr'>alchuna</span> <span class='ocrx_word' id='word_1_95' title='bbox 1463 1583 1467 1590; x_wconf 79' lang='grc'><em>“</em></span> 
     </span>
     <span class='ocr_line' id='line_1_11' title="bbox 184 1683 1390 1776; baseline -0.007 -19"><span class='ocrx_word' id='word_1_96' title='bbox 184 1691 256 1757; x_wconf 81' lang='lat' dir='ltr'>dalla</span> <span class='ocrx_word' id='word_1_97' title='bbox 269 1707 411 1776; x_wconf 84' lang='lat' dir='ltr'>persona</span> <span class='ocrx_word' id='word_1_98' title='bbox 430 1707 451 1754; x_wconf 87' lang='lat' dir='ltr'>a</span> <span class='ocrx_word' id='word_1_99' title='bbox 473 1687 528 1754; x_wconf 89' lang='lat' dir='ltr'>chi</span> <span class='ocrx_word' id='word_1_100' title='bbox 549 1687 733 1756; x_wconf 86' lang='lat' dir='ltr'>ueniuamo</span> <span class='ocrx_word' id='word_1_101' title='bbox 753 1687 943 1769; x_wconf 88' lang='lat' dir='ltr'>indrizzati,</span> <span class='ocrx_word' id='word_1_102' title='bbox 970 1700 1004 1756; x_wconf 92' lang='lat' dir='ltr'>et</span> <span class='ocrx_word' id='word_1_103' title='bbox 1027 1688 1056 1754; x_wconf 91' lang='lat' dir='ltr'>si</span> <span class='ocrx_word' id='word_1_104' title='bbox 1080 1686 1156 1755; x_wconf 91' lang='lat' dir='ltr'>dice</span> <span class='ocrx_word' id='word_1_105' title='bbox 1180 1687 1244 1754; x_wconf 89' lang='lat' dir='ltr'>che</span> <span class='ocrx_word' id='word_1_106' title='bbox 1267 1705 1335 1750; x_wconf 91' lang='lat' dir='ltr'>non</span> <span class='ocrx_word' id='word_1_107' title='bbox 1360 1683 1390 1750; x_wconf 88' lang='lat' dir='ltr'>si</span> 
     </span>
     <span class='ocr_line' id='line_1_12' title="bbox 186 1801 1389 1890; baseline -0.005 -20"><span class='ocrx_word' id='word_1_108' title='bbox 186 1808 401 1872; x_wconf 76' lang='grc' dir='ltr'><strong>1101101000εο</strong></span> <span class='ocrx_word' id='word_1_109' title='bbox 417 1805 460 1872; x_wconf 90' lang='lat' dir='ltr'>de</span> <span class='ocrx_word' id='word_1_110' title='bbox 476 1802 643 1890; x_wconf 84' lang='lat' dir='ltr'>religione</span> <span class='ocrx_word' id='word_1_111' title='bbox 658 1825 719 1890; x_wconf 88' lang='lat' dir='ltr'>per</span> <span class='ocrx_word' id='word_1_112' title='bbox 730 1804 764 1870; x_wconf 91' lang='lat' dir='ltr'>la</span> <span class='ocrx_word' id='word_1_113' title='bbox 775 1803 877 1872; x_wconf 86' lang='lat' dir='ltr'>fretta</span> <span class='ocrx_word' id='word_1_114' title='bbox 889 1806 953 1871; x_wconf 89' lang='lat' dir='ltr'>che</span> <span class='ocrx_word' id='word_1_115' title='bbox 965 1802 1089 1870; x_wconf 88' lang='lat' dir='ltr'>dicono</span> <span class='ocrx_word' id='word_1_116' title='bbox 1102 1803 1146 1868; x_wconf 78' lang='lat' dir='ltr'>da</span> <span class='ocrx_word' id='word_1_117' title='bbox 1157 1801 1181 1867; x_wconf 94' lang='lat' dir='ltr'>il</span> <span class='ocrx_word' id='word_1_118' title='bbox 1195 1802 1317 1868; x_wconf 91' lang='lat' dir='ltr'>turcho</span> <span class='ocrx_word' id='word_1_119' title='bbox 1328 1820 1389 1886; x_wconf 86' lang='lat' dir='ltr'>per</span> 
     </span>
     <span class='ocr_line' id='line_1_13' title="bbox 184 1919 378 2007; baseline 0 -21"><span class='ocrx_word' id='word_1_120' title='bbox 184 1919 378 2007; x_wconf 86' lang='lat' dir='ltr'>Hungheria.</span> 
     </span>
    </p>

    <p class='ocr_par' dir='ltr' id='par_1_4' title="bbox 181 2027 1467 3156">
     <span class='ocr_line' id='line_1_14' title="bbox 236 2027 1391 2119; baseline -0.01 -16"><span class='ocrx_word' id='word_1_121' title='bbox 236 2055 265 2118; x_wconf 85' lang='lat'>4.</span> <span class='ocrx_word' id='word_1_122' title='bbox 310 2036 337 2102; x_wconf 94' lang='lat' dir='ltr'>ll</span> <span class='ocrx_word' id='word_1_123' title='bbox 351 2034 529 2103; x_wconf 88' lang='lat' dir='ltr'>memorial</span> <span class='ocrx_word' id='word_1_124' title='bbox 543 2037 608 2100; x_wconf 93' lang='lat' dir='ltr'>che</span> <span class='ocrx_word' id='word_1_125' title='bbox 624 2055 691 2101; x_wconf 91' lang='lat' dir='ltr'>con</span> <span class='ocrx_word' id='word_1_126' title='bbox 705 2045 828 2119; x_wconf 88' lang='lat' dir='ltr'>questa</span> <span class='ocrx_word' id='word_1_127' title='bbox 847 2032 876 2100; x_wconf 91' lang='lat' dir='ltr'>si</span> <span class='ocrx_word' id='word_1_128' title='bbox 897 2033 1022 2100; x_wconf 87' lang='lat' dir='ltr'>manda</span> <span class='ocrx_word' id='word_1_129' title='bbox 1045 2031 1080 2097; x_wconf 93' lang='lat' dir='ltr'>di</span> <span class='ocrx_word' id='word_1_130' title='bbox 1103 2030 1317 2099; x_wconf 85' lang='lat' dir='ltr'>Christoioro</span> <span class='ocrx_word' id='word_1_131' title='bbox 1335 2027 1391 2093; x_wconf 92' lang='lat' dir='ltr'>in-</span> 
     </span>
     <span class='ocr_line' id='line_1_15' title="bbox 183 2142 1390 2236; baseline -0.006 -18"><span class='ocrx_word' id='word_1_132' title='bbox 183 2150 268 2218; x_wconf 84' lang='lat' dir='ltr'>diano</span> <span class='ocrx_word' id='word_1_133' title='bbox 282 2153 308 2234; x_wconf 76' lang='lat'>⁸,</span> <span class='ocrx_word' id='word_1_134' title='bbox 325 2151 426 2236; x_wconf 90' lang='lat' dir='ltr'>quale</span> <span class='ocrx_word' id='word_1_135' title='bbox 442 2160 496 2218; x_wconf 87' lang='lat' dir='ltr'>sta</span> <span class='ocrx_word' id='word_1_136' title='bbox 509 2149 545 2215; x_wconf 91' lang='lat' dir='ltr'>in</span> <span class='ocrx_word' id='word_1_137' title='bbox 561 2149 714 2236; x_wconf 91' lang='lat' dir='ltr'>seruigio</span> <span class='ocrx_word' id='word_1_138' title='bbox 727 2150 816 2218; x_wconf 83' lang='lat' dir='ltr'>della</span> <span class='ocrx_word' id='word_1_139' title='bbox 832 2147 1057 2235; x_wconf 85' lang='lat' dir='ltr'>imperatrice,</span> <span class='ocrx_word' id='word_1_140' title='bbox 1076 2145 1105 2214; x_wconf 89' lang='lat' dir='ltr'>si</span> <span class='ocrx_word' id='word_1_141' title='bbox 1120 2146 1243 2212; x_wconf 88' lang='lat' dir='ltr'>manda</span> <span class='ocrx_word' id='word_1_142' title='bbox 1258 2142 1390 2232; x_wconf 84' lang='lat' dir='ltr'>percio-</span> 
     </span>
     <span class='ocr_line' id='line_1_16' title="bbox 181 2258 1390 2352; baseline -0.004 -22"><span class='ocrx_word' id='word_1_143' title='bbox 181 2267 234 2332; x_wconf 77' lang='lat' dir='ltr'>chi</span> <span class='ocrx_word' id='word_1_144' title='bbox 247 2266 290 2332; x_wconf 91' lang='lat' dir='ltr'>lui</span> <span class='ocrx_word' id='word_1_145' title='bbox 306 2269 351 2330; x_wconf 89' lang='lat' dir='ltr'>m&#39;</span> <span class='ocrx_word' id='word_1_146' title='bbox 369 2267 414 2332; x_wconf 90' lang='lat' dir='ltr'>ha</span> <span class='ocrx_word' id='word_1_147' title='bbox 430 2265 537 2331; x_wconf 92' lang='lat' dir='ltr'>molto</span> <span class='ocrx_word' id='word_1_148' title='bbox 552 2273 696 2352; x_wconf 88' lang='lat' dir='ltr'>pregato</span> <span class='ocrx_word' id='word_1_149' title='bbox 712 2263 814 2332; x_wconf 90' lang='lat' dir='ltr'>etiam</span> <span class='ocrx_word' id='word_1_150' title='bbox 830 2285 898 2331; x_wconf 91' lang='lat' dir='ltr'>con</span> <span class='ocrx_word' id='word_1_151' title='bbox 914 2265 1100 2348; x_wconf 87' lang='lat' dir='ltr'>lachryme,</span> <span class='ocrx_word' id='word_1_152' title='bbox 1123 2264 1187 2328; x_wconf 90' lang='lat' dir='ltr'>che</span> <span class='ocrx_word' id='word_1_153' title='bbox 1207 2259 1240 2326; x_wconf 92' lang='lat' dir='ltr'>io</span> <span class='ocrx_word' id='word_1_154' title='bbox 1260 2261 1283 2326; x_wconf 87' lang='lat' dir='ltr'>l’</span> <span class='ocrx_word' id='word_1_155' title='bbox 1306 2258 1390 2326; x_wconf 88' lang='lat' dir='ltr'>aiuti</span> 
     </span>
     <span class='ocr_line' id='line_1_17' title="bbox 181 2373 1389 2468; baseline -0.006 -22"><span class='ocrx_word' id='word_1_156' title='bbox 181 2379 261 2448; x_wconf 85' lang='grc' dir='ltr'><strong>000ἰὸ</strong></span> <span class='ocrx_word' id='word_1_157' title='bbox 275 2381 365 2468; x_wconf 82' lang='lat' dir='ltr'>possi</span> <span class='ocrx_word' id='word_1_158' title='bbox 379 2380 507 2447; x_wconf 84' lang='lat' dir='ltr'>intrare</span> <span class='ocrx_word' id='word_1_159' title='bbox 527 2380 618 2446; x_wconf 88' lang='lat' dir='ltr'>nella</span> <span class='ocrx_word' id='word_1_160' title='bbox 639 2377 864 2465; x_wconf 89' lang='lat' dir='ltr'>Compagnia:</span> <span class='ocrx_word' id='word_1_161' title='bbox 891 2378 920 2445; x_wconf 91' lang='lat' dir='ltr'>li&#39;</span> <span class='ocrx_word' id='word_1_162' title='bbox 937 2381 983 2445; x_wconf 91' lang='lat' dir='ltr'>ho</span> <span class='ocrx_word' id='word_1_163' title='bbox 1006 2377 1153 2464; x_wconf 89' lang='lat' dir='ltr'>risposto</span> <span class='ocrx_word' id='word_1_164' title='bbox 1177 2377 1242 2444; x_wconf 91' lang='lat' dir='ltr'>che</span> <span class='ocrx_word' id='word_1_165' title='bbox 1265 2396 1334 2441; x_wconf 91' lang='lat' dir='ltr'>non</span> <span class='ocrx_word' id='word_1_166' title='bbox 1360 2373 1389 2440; x_wconf 90' lang='lat' dir='ltr'>si</span> 
     </span>
     <span class='ocr_line' id='line_1_18' title="bbox 181 2489 1390 2580; baseline -0.006 -18"><span class='ocrx_word' id='word_1_167' title='bbox 181 2497 249 2580; x_wconf 74' lang='lat' dir='ltr'>puri,</span> <span class='ocrx_word' id='word_1_168' title='bbox 264 2517 330 2562; x_wconf 89' lang='grc'><strong>11011</strong></span> <span class='ocrx_word' id='word_1_169' title='bbox 345 2496 493 2565; x_wconf 87' lang='lat' dir='ltr'>essendo</span> <span class='ocrx_word' id='word_1_170' title='bbox 509 2494 686 2563; x_wconf 88' lang='lat' dir='ltr'>uerificata</span> <span class='ocrx_word' id='word_1_171' title='bbox 705 2495 737 2562; x_wconf 90' lang='lat' dir='ltr'>la</span> <span class='ocrx_word' id='word_1_172' title='bbox 757 2515 861 2562; x_wconf 88' lang='lat' dir='ltr'>causa</span> <span class='ocrx_word' id='word_1_173' title='bbox 881 2495 971 2564; x_wconf 88' lang='lat' dir='ltr'>della</span> <span class='ocrx_word' id='word_1_174' title='bbox 993 2514 1056 2560; x_wconf 88' lang='lat' dir='ltr'>sua</span> <span class='ocrx_word' id='word_1_175' title='bbox 1079 2492 1212 2572; x_wconf 79' lang='lat' dir='ltr'>liberta,</span> <span class='ocrx_word' id='word_1_176' title='bbox 1239 2502 1274 2561; x_wconf 83' lang='lat' dir='ltr'>et</span> <span class='ocrx_word' id='word_1_177' title='bbox 1296 2489 1320 2556; x_wconf 92' lang='lat' dir='ltr'>li</span> <span class='ocrx_word' id='word_1_178' title='bbox 1344 2491 1390 2556; x_wconf 92' lang='lat' dir='ltr'>ho</span> 
     </span>
     <span class='ocr_line' id='line_1_19' title="bbox 181 2605 1390 2696; baseline -0.003 -18"><span class='ocrx_word' id='word_1_179' title='bbox 181 2612 286 2678; x_wconf 84' lang='lat' dir='ltr'>offerto</span> <span class='ocrx_word' id='word_1_180' title='bbox 300 2611 334 2679; x_wconf 95' lang='lat' dir='ltr'>di</span> <span class='ocrx_word' id='word_1_181' title='bbox 349 2611 492 2680; x_wconf 88' lang='lat' dir='ltr'>scriuer&#39;</span> <span class='ocrx_word' id='word_1_182' title='bbox 510 2633 532 2677; x_wconf 92' lang='lat' dir='ltr'>a</span> <span class='ocrx_word' id='word_1_183' title='bbox 547 2613 591 2678; x_wconf 92' lang='lat' dir='ltr'>V.</span> <span class='ocrx_word' id='word_1_184' title='bbox 612 2611 652 2676; x_wconf 93' lang='grc' dir='ltr'>Ρ.</span> <span class='ocrx_word' id='word_1_185' title='bbox 672 2620 706 2678; x_wconf 88' lang='grc'>01</span> <span class='ocrx_word' id='word_1_186' title='bbox 722 2613 895 2696; x_wconf 89' lang='lat' dir='ltr'>procurar&#39;</span> <span class='ocrx_word' id='word_1_187' title='bbox 914 2611 968 2676; x_wconf 90' lang='lat' dir='ltr'>ch’</span> <span class='ocrx_word' id='word_1_188' title='bbox 982 2609 1018 2675; x_wconf 89' lang='lat' dir='ltr'>in</span> <span class='ocrx_word' id='word_1_189' title='bbox 1030 2607 1229 2694; x_wconf 88' lang='lat' dir='ltr'>Portogallo</span> <span class='ocrx_word' id='word_1_190' title='bbox 1241 2605 1270 2672; x_wconf 94' lang='lat' dir='ltr'>si</span> <span class='ocrx_word' id='word_1_191' title='bbox 1283 2605 1390 2674; x_wconf 86' lang='grc'><strong>100010</strong></span> 
     </span>
     <span class='ocr_line' id='line_1_20' title="bbox 182 2719 1389 2814; baseline -0.006 -22"><span class='ocrx_word' id='word_1_192' title='bbox 182 2726 259 2794; x_wconf 89' lang='lat' dir='ltr'>buon</span> <span class='ocrx_word' id='word_1_193' title='bbox 273 2727 383 2794; x_wconf 86' lang='lat' dir='ltr'>officio</span> <span class='ocrx_word' id='word_1_194' title='bbox 398 2746 460 2814; x_wconf 89' lang='lat' dir='ltr'>per</span> <span class='ocrx_word' id='word_1_195' title='bbox 474 2726 538 2808; x_wconf 93' lang='lat' dir='ltr'>lui,</span> <span class='ocrx_word' id='word_1_196' title='bbox 556 2737 592 2794; x_wconf 89' lang='lat' dir='ltr'>et</span> <span class='ocrx_word' id='word_1_197' title='bbox 608 2725 679 2792; x_wconf 87' lang='lat' dir='ltr'>cosi</span> <span class='ocrx_word' id='word_1_198' title='bbox 695 2725 729 2791; x_wconf 89' lang='lat' dir='ltr'>lo</span> <span class='ocrx_word' id='word_1_199' title='bbox 744 2727 875 2812; x_wconf 89' lang='lat' dir='ltr'>pregho</span> <span class='ocrx_word' id='word_1_200' title='bbox 887 2747 907 2792; x_wconf 89' lang='grc'>0</span> <span class='ocrx_word' id='word_1_201' title='bbox 918 2727 962 2792; x_wconf 90' lang='lat' dir='ltr'>V.</span> <span class='ocrx_word' id='word_1_202' title='bbox 980 2719 1021 2792; x_wconf 80' lang='lat' dir='ltr'>P.</span> <span class='ocrx_word' id='word_1_203' title='bbox 1036 2723 1146 2791; x_wconf 88' lang='lat' dir='ltr'>ordini</span> <span class='ocrx_word' id='word_1_204' title='bbox 1159 2745 1196 2790; x_wconf 90' lang='lat' dir='ltr'>se</span> <span class='ocrx_word' id='word_1_205' title='bbox 1208 2721 1320 2789; x_wconf 89' lang='lat' dir='ltr'>scriua</span> <span class='ocrx_word' id='word_1_206' title='bbox 1332 2719 1389 2787; x_wconf 90' lang='lat' dir='ltr'>alli</span> 
     </span>
     <span class='ocr_line' id='line_1_21' title="bbox 182 2834 1390 2929; baseline -0.007 -20"><span class='ocrx_word' id='word_1_207' title='bbox 182 2842 262 2926; x_wconf 83' lang='lat' dir='ltr'>padri</span> <span class='ocrx_word' id='word_1_208' title='bbox 276 2843 310 2909; x_wconf 91' lang='lat' dir='ltr'>di</span> <span class='ocrx_word' id='word_1_209' title='bbox 325 2843 438 2928; x_wconf 84' lang='lat' dir='ltr'>quella</span> <span class='ocrx_word' id='word_1_210' title='bbox 452 2841 643 2929; x_wconf 87' lang='lat' dir='ltr'>prouincia,</span> <span class='ocrx_word' id='word_1_211' title='bbox 665 2843 730 2909; x_wconf 91' lang='lat' dir='ltr'>che</span> <span class='ocrx_word' id='word_1_212' title='bbox 752 2841 887 2908; x_wconf 74' lang='lat' dir='ltr'>benche</span> <span class='ocrx_word' id='word_1_213' title='bbox 910 2841 954 2907; x_wconf 95' lang='lat' dir='ltr'>V.</span> <span class='ocrx_word' id='word_1_214' title='bbox 983 2842 1023 2908; x_wconf 90' lang='lat' dir='ltr'>P.</span> <span class='ocrx_word' id='word_1_215' title='bbox 1050 2861 1119 2906; x_wconf 92' lang='lat' dir='ltr'>non</span> <span class='ocrx_word' id='word_1_216' title='bbox 1142 2840 1175 2905; x_wconf 94' lang='lat' dir='ltr'>lo</span> <span class='ocrx_word' id='word_1_217' title='bbox 1189 2837 1315 2924; x_wconf 80' lang='lat' dir='ltr'>&#39;uoglia</span> <span class='ocrx_word' id='word_1_218' title='bbox 1338 2834 1390 2922; x_wconf 94' lang='lat' dir='ltr'>pi-</span> 
     </span>
     <span class='ocr_line' id='line_1_22' title="bbox 184 2953 1467 3044; baseline -0.002 -22"><span class='ocrx_word' id='word_1_219' title='bbox 184 2955 266 3042; x_wconf 83' lang='lat' dir='ltr'>gliar&#39;</span> <span class='ocrx_word' id='word_1_220' title='bbox 282 2959 369 3026; x_wconf 84' lang='lat' dir='ltr'>nella</span> <span class='ocrx_word' id='word_1_221' title='bbox 385 2956 611 3044; x_wconf 90' lang='lat' dir='ltr'>Compagnia,</span> <span class='ocrx_word' id='word_1_222' title='bbox 630 2955 662 3022; x_wconf 88' lang='lat' dir='ltr'>al</span> <span class='ocrx_word' id='word_1_223' title='bbox 678 2975 800 3022; x_wconf 90' lang='lat' dir='ltr'>manco</span> <span class='ocrx_word' id='word_1_224' title='bbox 816 2954 840 3021; x_wconf 94' lang='lat' dir='ltr'>li</span> <span class='ocrx_word' id='word_1_225' title='bbox 855 2956 1030 3024; x_wconf 88' lang='lat' dir='ltr'>leuaremo</span> <span class='ocrx_word' id='word_1_226' title='bbox 1046 2955 1068 3020; x_wconf 92' lang='lat' dir='ltr'>il</span> <span class='ocrx_word' id='word_1_227' title='bbox 1085 2955 1246 3040; x_wconf 86' lang='lat' dir='ltr'>scrupulo</span> <span class='ocrx_word' id='word_1_228' title='bbox 1262 2954 1326 3022; x_wconf 95' lang='lat' dir='ltr'>che</span> <span class='ocrx_word' id='word_1_229' title='bbox 1346 2953 1391 3019; x_wconf 84' lang='lat' dir='ltr'>ha</span> <span class='ocrx_word' id='word_1_230' title='bbox 1462 2961 1467 2970; x_wconf 88' lang='grc'><em>“</em></span> 
     </span>
     <span class='ocr_line' id='line_1_23' title="bbox 184 3068 1092 3156; baseline -0.004 -18"><span class='ocrx_word' id='word_1_231' title='bbox 184 3071 258 3140; x_wconf 86' lang='lat' dir='ltr'>della</span> <span class='ocrx_word' id='word_1_232' title='bbox 272 3094 331 3140; x_wconf 88' lang='lat' dir='ltr'>sua</span> <span class='ocrx_word' id='word_1_233' title='bbox 347 3073 482 3154; x_wconf 76' lang='lat' dir='ltr'>liberta,</span> <span class='ocrx_word' id='word_1_234' title='bbox 500 3072 633 3139; x_wconf 79' lang='lat' dir='ltr'>benene</span> <span class='ocrx_word' id='word_1_235' title='bbox 649 3072 681 3138; x_wconf 93' lang='grc'>10</span> <span class='ocrx_word' id='word_1_236' title='bbox 697 3092 759 3138; x_wconf 88' lang='lat' dir='ltr'>sua</span> <span class='ocrx_word' id='word_1_237' title='bbox 774 3091 879 3138; x_wconf 88' lang='lat' dir='ltr'>causa</span> <span class='ocrx_word' id='word_1_238' title='bbox 893 3091 975 3156; x_wconf 86' lang='lat' dir='ltr'>pare</span> <span class='ocrx_word' id='word_1_239' title='bbox 991 3068 1092 3136; x_wconf 86' lang='lat' dir='ltr'>iusta.</span> 
     </span>
    </p>

    <p class='ocr_par' dir='ltr' id='par_1_5' title="bbox 181 3181 1391 3964">
     <span class='ocr_line' id='line_1_24' title="bbox 240 3181 1388 3284; baseline -0.009 -28"><span class='ocrx_word' id='word_1_240' title='bbox 240 3205 269 3272; x_wconf 86' lang='lat'>5.</span> <span class='ocrx_word' id='word_1_241' title='bbox 313 3189 351 3256; x_wconf 91' lang='lat' dir='ltr'>L’</span> <span class='ocrx_word' id='word_1_242' title='bbox 371 3185 606 3284; x_wconf 14' lang='lat' dir='ltr'>illustrissimo*</span> <span class='ocrx_word' id='word_1_243' title='bbox 623 3187 654 3254; x_wconf 93' lang='lat' dir='ltr'>ci</span> <span class='ocrx_word' id='word_1_244' title='bbox 676 3195 779 3252; x_wconf 89' lang='lat' dir='ltr'>tratta</span> <span class='ocrx_word' id='word_1_245' title='bbox 799 3207 863 3252; x_wconf 93' lang='lat' dir='ltr'>con</span> <span class='ocrx_word' id='word_1_246' title='bbox 884 3207 970 3272; x_wconf 87' lang='lat' dir='ltr'>gran</span> <span class='ocrx_word' id='word_1_247' title='bbox 987 3183 1178 3252; x_wconf 72' lang='lat' dir='ltr'>familiariti</span> <span class='ocrx_word' id='word_1_248' title='bbox 1196 3194 1231 3250; x_wconf 88' lang='lat' dir='ltr'>et</span> <span class='ocrx_word' id='word_1_249' title='bbox 1252 3181 1388 3248; x_wconf 92' lang='lat' dir='ltr'>dimon-</span> 
     </span>
     <span class='ocr_line' id='line_1_25' title="bbox 184 3295 1390 3389; baseline -0.002 -22"><span class='ocrx_word' id='word_1_250' title='bbox 184 3303 327 3370; x_wconf 86' lang='lat' dir='ltr'>stratione</span> <span class='ocrx_word' id='word_1_251' title='bbox 342 3305 377 3370; x_wconf 94' lang='lat' dir='ltr'>di</span> <span class='ocrx_word' id='word_1_252' title='bbox 397 3324 484 3389; x_wconf 86' lang='lat' dir='ltr'>gran</span> <span class='ocrx_word' id='word_1_253' title='bbox 513 3301 765 3382; x_wconf 86' lang='lat' dir='ltr'>beneuolentia,</span> <span class='ocrx_word' id='word_1_254' title='bbox 794 3301 818 3367; x_wconf 94' lang='lat' dir='ltr'>il</span> <span class='ocrx_word' id='word_1_255' title='bbox 841 3303 906 3367; x_wconf 88' lang='lat' dir='ltr'>che</span> <span class='ocrx_word' id='word_1_256' title='bbox 929 3299 962 3366; x_wconf 92' lang='lat' dir='ltr'>io</span> <span class='ocrx_word' id='word_1_257' title='bbox 989 3320 1145 3385; x_wconf 87' lang='lat' dir='ltr'>speraua,</span> <span class='ocrx_word' id='word_1_258' title='bbox 1174 3319 1272 3366; x_wconf 89' lang='lat' dir='ltr'>come</span> <span class='ocrx_word' id='word_1_259' title='bbox 1299 3295 1390 3364; x_wconf 85' lang='lat' dir='ltr'>disse</span> 
     </span>
     <span class='ocr_line' id='line_1_26' title="bbox 183 3411 1389 3486; baseline -0.004 -4"><span class='ocrx_word' id='word_1_260' title='bbox 183 3417 249 3483; x_wconf 84' lang='lat' dir='ltr'>nell’</span> <span class='ocrx_word' id='word_1_261' title='bbox 265 3420 347 3486; x_wconf 87' lang='lat' dir='ltr'>altra</span> <span class='ocrx_word' id='word_1_262' title='bbox 362 3441 383 3486; x_wconf 93' lang='lat' dir='ltr'>a</span> <span class='ocrx_word' id='word_1_263' title='bbox 398 3421 443 3486; x_wconf 94' lang='lat' dir='ltr'>V.</span> <span class='ocrx_word' id='word_1_264' title='bbox 464 3418 504 3485; x_wconf 93' lang='lat' dir='ltr'>P.</span> <span class='ocrx_word' id='word_1_265' title='bbox 523 3415 640 3486; x_wconf 91' lang='lat' dir='ltr'>Siamo</span> <span class='ocrx_word' id='word_1_266' title='bbox 657 3419 806 3483; x_wconf 85' lang='lat' dir='ltr'>anchora</span> <span class='ocrx_word' id='word_1_267' title='bbox 821 3415 898 3482; x_wconf 84' lang='lat' dir='ltr'>fatti</span> <span class='ocrx_word' id='word_1_268' title='bbox 917 3415 1022 3481; x_wconf 91' lang='lat' dir='ltr'>molto</span> <span class='ocrx_word' id='word_1_269' title='bbox 1043 3413 1196 3481; x_wconf 84' lang='lat' dir='ltr'>familiari</span> <span class='ocrx_word' id='word_1_270' title='bbox 1218 3436 1238 3480; x_wconf 98' lang='lat' dir='ltr'>a</span> <span class='ocrx_word' id='word_1_271' title='bbox 1259 3411 1389 3480; x_wconf 86' lang='lat' dir='ltr'>Monsi-</span> 
     </span>
     <span class='ocr_line' id='line_1_27' title="bbox 182 3529 1390 3617; baseline -0.006 -17"><span class='ocrx_word' id='word_1_272' title='bbox 182 3531 287 3617; x_wconf 79' lang='lat' dir='ltr'>gnorss</span> <span class='ocrx_word' id='word_1_273' title='bbox 298 3533 425 3600; x_wconf 90' lang='lat' dir='ltr'>nuncio</span> <span class='ocrx_word' id='word_1_274' title='bbox 437 3533 462 3612; x_wconf 74' lang='lat'>⁴,</span> <span class='ocrx_word' id='word_1_275' title='bbox 472 3543 508 3598; x_wconf 91' lang='lat' dir='ltr'>et</span> <span class='ocrx_word' id='word_1_276' title='bbox 519 3554 541 3598; x_wconf 91' lang='lat' dir='ltr'>a</span> <span class='ocrx_word' id='word_1_277' title='bbox 552 3529 972 3617; x_wconf 83' lang='lat' dir='ltr'>MonsignoreLancilloto</span> <span class='ocrx_word' id='word_1_278' title='bbox 985 3532 1009 3610; x_wconf 78' lang='lat'>⁸,</span> <span class='ocrx_word' id='word_1_279' title='bbox 1022 3532 1086 3596; x_wconf 86' lang='lat' dir='ltr'>che</span> <span class='ocrx_word' id='word_1_280' title='bbox 1096 3530 1116 3595; x_wconf 77' lang='lat' dir='ltr'>e</span> <span class='ocrx_word' id='word_1_281' title='bbox 1127 3540 1256 3596; x_wconf 86' lang='lat' dir='ltr'>uenuto</span> <span class='ocrx_word' id='word_1_282' title='bbox 1269 3537 1390 3612; x_wconf 88' lang='lat' dir='ltr'>questa</span> 
     </span>
     <span class='ocr_line' id='line_1_28' title="bbox 181 3641 1390 3732; baseline -0.002 -20"><span class='ocrx_word' id='word_1_283' title='bbox 181 3645 355 3715; x_wconf 78' lang='lat' dir='ltr'>sattimana.</span> <span class='ocrx_word' id='word_1_284' title='bbox 374 3650 401 3714; x_wconf 98' lang='lat' dir='ltr'>ll</span> <span class='ocrx_word' id='word_1_285' title='bbox 419 3657 508 3714; x_wconf 90' lang='lat' dir='ltr'>tutto</span> <span class='ocrx_word' id='word_1_286' title='bbox 524 3646 574 3713; x_wconf 89' lang='lat' dir='ltr'>sia</span> <span class='ocrx_word' id='word_1_287' title='bbox 589 3668 650 3732; x_wconf 90' lang='lat' dir='ltr'>per</span> <span class='ocrx_word' id='word_1_288' title='bbox 665 3645 823 3732; x_wconf 86' lang='lat' dir='ltr'>maggior</span> <span class='ocrx_word' id='word_1_289' title='bbox 838 3645 984 3712; x_wconf 86' lang='lat' dir='ltr'>seruicio</span> <span class='ocrx_word' id='word_1_290' title='bbox 1000 3657 1034 3713; x_wconf 91' lang='lat' dir='ltr'>et</span> <span class='ocrx_word' id='word_1_291' title='bbox 1050 3643 1158 3731; x_wconf 83' lang='lat' dir='ltr'>gloria</span> <span class='ocrx_word' id='word_1_292' title='bbox 1169 3645 1203 3710; x_wconf 88' lang='lat' dir='ltr'>d’</span> <span class='ocrx_word' id='word_1_293' title='bbox 1219 3641 1313 3709; x_wconf 93' lang='lat' dir='ltr'>Iddio</span> <span class='ocrx_word' id='word_1_294' title='bbox 1327 3664 1390 3709; x_wconf 94' lang='lat' dir='ltr'>no-</span> 
     </span>
     <span class='ocr_line' id='line_1_29' title="bbox 181 3760 1389 3851; baseline -0.002 -25"><span class='ocrx_word' id='word_1_295' title='bbox 181 3771 240 3828; x_wconf 87' lang='lat' dir='ltr'>stro</span> <span class='ocrx_word' id='word_1_296' title='bbox 254 3763 410 3851; x_wconf 88' lang='lat' dir='ltr'>Signore.</span> <span class='ocrx_word' id='word_1_297' title='bbox 429 3763 479 3829; x_wconf 89' lang='lat' dir='ltr'>La</span> <span class='ocrx_word' id='word_1_298' title='bbox 495 3783 558 3830; x_wconf 90' lang='lat' dir='ltr'>sua</span> <span class='ocrx_word' id='word_1_299' title='bbox 572 3761 688 3828; x_wconf 88' lang='lat' dir='ltr'>diuina</span> <span class='ocrx_word' id='word_1_300' title='bbox 709 3764 841 3829; x_wconf 74' lang='lat' dir='ltr'>Maesta</span> <span class='ocrx_word' id='word_1_301' title='bbox 855 3761 888 3828; x_wconf 87' lang='lat' dir='ltr'>ci</span> <span class='ocrx_word' id='word_1_302' title='bbox 902 3760 957 3827; x_wconf 89' lang='lat' dir='ltr'>dia</span> <span class='ocrx_word' id='word_1_303' title='bbox 972 3761 1005 3827; x_wconf 89' lang='lat' dir='ltr'>la</span> <span class='ocrx_word' id='word_1_304' title='bbox 1021 3782 1083 3826; x_wconf 89' lang='lat' dir='ltr'>sua</span> <span class='ocrx_word' id='word_1_305' title='bbox 1099 3760 1293 3826; x_wconf 87' lang='lat' dir='ltr'>abondante</span> <span class='ocrx_word' id='word_1_306' title='bbox 1309 3779 1389 3843; x_wconf 88' lang='lat' dir='ltr'>gra-</span> 
     </span>
     <span class='ocr_line' id='line_1_30' title="bbox 181 3873 1391 3964; baseline -0.002 -24"><span class='ocrx_word' id='word_1_307' title='bbox 181 3874 219 3943; x_wconf 86' lang='lat' dir='ltr'>tia</span> <span class='ocrx_word' id='word_1_308' title='bbox 232 3879 273 3946; x_wconf 86' lang='lat' dir='ltr'>da</span> <span class='ocrx_word' id='word_1_309' title='bbox 286 3881 462 3946; x_wconf 87' lang='lat' dir='ltr'>conoscer’</span> <span class='ocrx_word' id='word_1_310' title='bbox 480 3898 614 3964; x_wconf 85' lang='lat' dir='ltr'>sempre</span> <span class='ocrx_word' id='word_1_311' title='bbox 629 3878 662 3944; x_wconf 91' lang='grc'>10</span> <span class='ocrx_word' id='word_1_312' title='bbox 677 3899 740 3944; x_wconf 90' lang='lat' dir='ltr'>sua</span> <span class='ocrx_word' id='word_1_313' title='bbox 756 3875 948 3944; x_wconf 87' lang='lat' dir='ltr'>santissima</span> <span class='ocrx_word' id='word_1_314' title='bbox 964 3876 1115 3957; x_wconf 79' lang='lat' dir='ltr'>uolonta,</span> <span class='ocrx_word' id='word_1_315' title='bbox 1133 3885 1167 3940; x_wconf 91' lang='lat' dir='ltr'>et</span> <span class='ocrx_word' id='word_1_316' title='bbox 1184 3873 1297 3959; x_wconf 86' lang='lat' dir='ltr'>quella</span> <span class='ocrx_word' id='word_1_317' title='bbox 1312 3895 1391 3958; x_wconf 91' lang='lat' dir='ltr'>per-</span> 
     </span>
    </p>
   </div>
   <div class='ocr_carea' id='block_1_3' title="bbox 171 4171 1393 4782">
    <p class='ocr_par' dir='ltr' id='par_1_6' title="bbox 222 4171 458 4228">
     <span class='ocr_line' id='line_1_31' title="bbox 222 4171 458 4228; baseline -0.008 0"><span class='ocrx_word' id='word_1_318' title='bbox 222 4173 230 4207; x_wconf 88' lang='lat'>¹</span> <span class='ocrx_word' id='word_1_319' title='bbox 265 4173 407 4228; x_wconf 83' lang='lat' dir='ltr'>Albertus</span> <span class='ocrx_word' id='word_1_320' title='bbox 420 4171 458 4226; x_wconf 92' lang='lat' dir='ltr'>V.</span> 
     </span>
    </p>

    <p class='ocr_par' dir='ltr' id='par_1_7' title="bbox 219 4259 948 4333">
     <span class='ocr_line' id='line_1_32' title="bbox 219 4259 948 4333; baseline -0.004 -16"><span class='ocrx_word' id='word_1_321' title='bbox 219 4263 230 4296; x_wconf 87' lang='lat'><strong>¹</strong></span> <span class='ocrx_word' id='word_1_322' title='bbox 264 4260 345 4317; x_wconf 87' lang='lat' dir='ltr'>Petri</span> <span class='ocrx_word' id='word_1_323' title='bbox 355 4268 386 4317; x_wconf 87' lang='lat' dir='ltr'>et</span> <span class='ocrx_word' id='word_1_324' title='bbox 399 4259 583 4318; x_wconf 86' lang='lat' dir='ltr'>Theodorici.</span> <span class='ocrx_word' id='word_1_325' title='bbox 598 4259 675 4317; x_wconf 84' lang='lat' dir='ltr'>Vide</span> <span class='ocrx_word' id='word_1_326' title='bbox 688 4259 775 4333; x_wconf 80' lang='lat' dir='ltr'>epist.</span> <span class='ocrx_word' id='word_1_327' title='bbox 793 4261 854 4332; x_wconf 80' lang='lat'>162,</span> <span class='ocrx_word' id='word_1_328' title='bbox 868 4279 901 4317; x_wconf 90' lang='lat' dir='ltr'>n.</span> <span class='ocrx_word' id='word_1_329' title='bbox 919 4273 948 4315; x_wconf 89' lang='lat'>2.</span> 
     </span>
    </p>

    <p class='ocr_par' dir='ltr' id='par_1_8' title="bbox 219 4348 1194 4422">
     <span class='ocr_line' id='line_1_33' title="bbox 219 4348 1194 4422; baseline -0.003 -14"><span class='ocrx_word' id='word_1_330' title='bbox 219 4351 231 4384; x_wconf 81' lang='lat'>⁸</span> <span class='ocrx_word' id='word_1_331' title='bbox 265 4350 494 4421; x_wconf 71' lang='lat' dir='ltr'>christophorus</span> <span class='ocrx_word' id='word_1_332' title='bbox 506 4348 544 4405; x_wconf 87' lang='lat' dir='ltr'>de</span> <span class='ocrx_word' id='word_1_333' title='bbox 556 4351 687 4422; x_wconf 82' lang='lat' dir='ltr'>Bengala</span> <span class='ocrx_word' id='word_1_334' title='bbox 697 4351 728 4406; x_wconf 91' lang='lat' dir='ltr'>in</span> <span class='ocrx_word' id='word_1_335' title='bbox 741 4351 830 4422; x_wconf 86' lang='lat' dir='ltr'>epist.</span> <span class='ocrx_word' id='word_1_336' title='bbox 848 4349 913 4420; x_wconf 86' lang='lat'>373,</span> <span class='ocrx_word' id='word_1_337' title='bbox 926 4367 959 4405; x_wconf 85' lang='lat' dir='ltr'>n.</span> <span class='ocrx_word' id='word_1_338' title='bbox 975 4349 1002 4421; x_wconf 90' lang='lat'>6,</span> <span class='ocrx_word' id='word_1_339' title='bbox 1017 4348 1194 4406; x_wconf 86' lang='lat' dir='ltr'>nominatur.</span> 
     </span>
    </p>

    <p class='ocr_par' dir='ltr' id='par_1_9' title="bbox 218 4436 1210 4512">
     <span class='ocr_line' id='line_1_34' title="bbox 218 4436 1210 4512; baseline -0.005 -17"><span class='ocrx_word' id='word_1_340' title='bbox 218 4443 230 4474; x_wconf 80' lang='lat'>⁴</span> <span class='ocrx_word' id='word_1_341' title='bbox 264 4439 407 4495; x_wconf 78' lang='lat' dir='ltr'>Melchior</span> <span class='ocrx_word' id='word_1_342' title='bbox 418 4454 518 4494; x_wconf 82' lang='lat' dir='ltr'>comes</span> <span class='ocrx_word' id='word_1_343' title='bbox 531 4438 638 4506; x_wconf 83' lang='lat' dir='ltr'>Biglia.</span> <span class='ocrx_word' id='word_1_344' title='bbox 657 4439 733 4496; x_wconf 90' lang='lat' dir='ltr'>Vide</span> <span class='ocrx_word' id='word_1_345' title='bbox 747 4438 838 4512; x_wconf 82' lang='lat' dir='ltr'>epist.</span> <span class='ocrx_word' id='word_1_346' title='bbox 855 4436 919 4508; x_wconf 84' lang='lat'>357,</span> <span class='ocrx_word' id='word_1_347' title='bbox 932 4456 965 4494; x_wconf 90' lang='grc'>11.</span> <span class='ocrx_word' id='word_1_348' title='bbox 985 4451 1010 4506; x_wconf 87' lang='grc'>1,</span> <span class='ocrx_word' id='word_1_349' title='bbox 1024 4455 1091 4494; x_wconf 88' lang='lat' dir='ltr'>cum</span> <span class='ocrx_word' id='word_1_350' title='bbox 1106 4445 1210 4494; x_wconf 85' lang='lat' dir='ltr'>annot.</span> 
     </span>
    </p>

    <p class='ocr_par' dir='ltr' id='par_1_10' title="bbox 171 4524 1393 4782">
     <span class='ocr_line' id='line_1_35' title="bbox 220 4524 1392 4602; baseline -0.002 -21"><span class='ocrx_word' id='word_1_351' title='bbox 220 4531 232 4564; x_wconf 82' lang='lat'>⁸</span> <span class='ocrx_word' id='word_1_352' title='bbox 266 4528 384 4602; x_wconf 76' lang='lat' dir='ltr'>«Scipio</span> <span class='ocrx_word' id='word_1_353' title='bbox 396 4524 595 4594; x_wconf 68' lang='lat' dir='ltr'>lancellotui,</span> <span class='ocrx_word' id='word_1_354' title='bbox 606 4529 767 4585; x_wconf 86' lang='lat' dir='ltr'>Romanus.</span> <span class='ocrx_word' id='word_1_355' title='bbox 779 4569 805 4586; x_wconf 90' lang='lat'>..</span> <span class='ocrx_word' id='word_1_356' title='bbox 819 4527 898 4584; x_wconf 86' lang='lat' dir='ltr'>aPio</span> <span class='ocrx_word' id='word_1_357' title='bbox 908 4539 959 4598; x_wconf 87' lang='lat'><strong>5...</strong></span> <span class='ocrx_word' id='word_1_358' title='bbox 969 4527 1006 4583; x_wconf 82' lang='lat' dir='ltr'>ad</span> <span class='ocrx_word' id='word_1_359' title='bbox 1016 4527 1157 4583; x_wconf 82' lang='lat' dir='ltr'>Bavariae</span> <span class='ocrx_word' id='word_1_360' title='bbox 1166 4527 1280 4581; x_wconf 87' lang='lat' dir='ltr'>Ducem</span> <span class='ocrx_word' id='word_1_361' title='bbox 1292 4532 1322 4580; x_wconf 90' lang='lat' dir='ltr'>et</span> <span class='ocrx_word' id='word_1_362' title='bbox 1332 4525 1392 4580; x_wconf 86' lang='lat' dir='ltr'>Ma·</span> 
     </span>
     <span class='ocr_line' id='line_1_36' title="bbox 171 4614 1393 4690; baseline -0.002 -18"><span class='ocrx_word' id='word_1_363' title='bbox 171 4617 348 4675; x_wconf 75' lang='lat' dir='ltr'>rimilianum</span> <span class='ocrx_word' id='word_1_364' title='bbox 360 4633 378 4673; x_wconf 89' lang='lat'><em>2</em></span> <span class='ocrx_word' id='word_1_365' title='bbox 391 4618 602 4690; x_wconf 88' lang='lat' dir='ltr'>Imperatorem</span> <span class='ocrx_word' id='word_1_366' title='bbox 616 4617 740 4674; x_wconf 82' lang='lat' dir='ltr'>missus»</span> <span class='ocrx_word' id='word_1_367' title='bbox 754 4636 771 4674; x_wconf 88' lang='lat' dir='ltr'>a</span> <span class='ocrx_word' id='word_1_368' title='bbox 784 4618 929 4690; x_wconf 83' lang='lat' dir='ltr'>Gregorio</span> <span class='ocrx_word' id='word_1_369' title='bbox 941 4617 1014 4673; x_wconf 91' lang='lat' dir='ltr'>XIII</span> <span class='ocrx_word' id='word_1_370' title='bbox 1026 4623 1128 4690; x_wconf 83' lang='lat' dir='ltr'>postea</span> <span class='ocrx_word' id='word_1_371' title='bbox 1144 4614 1299 4671; x_wconf 86' lang='lat' dir='ltr'>cardinalis</span> <span class='ocrx_word' id='word_1_372' title='bbox 1314 4631 1393 4670; x_wconf 87' lang='lat' dir='ltr'>crea-</span> 
     </span>
     <span class='ocr_line' id='line_1_37' title="bbox 171 4705 1101 4782; baseline -0.001 -18"><span class='ocrx_word' id='word_1_373' title='bbox 171 4715 215 4764; x_wconf 74' lang='lat' dir='ltr'>tue</span> <span class='ocrx_word' id='word_1_374' title='bbox 227 4716 282 4765; x_wconf 86' lang='lat' dir='ltr'>est.</span> <span class='ocrx_word' id='word_1_375' title='bbox 296 4707 506 4772; x_wconf 70' lang='lat' dir='ltr'>Craccomus,</span> <span class='ocrx_word' id='word_1_376' title='bbox 527 4708 612 4765; x_wconf 82' lang='lat' dir='ltr'>Vitae</span> <span class='ocrx_word' id='word_1_377' title='bbox 625 4712 653 4764; x_wconf 83' lang='lat' dir='ltr'>et</span> <span class='ocrx_word' id='word_1_378' title='bbox 662 4713 749 4782; x_wconf 79' lang='lat' dir='ltr'>gesta</span> <span class='ocrx_word' id='word_1_379' title='bbox 759 4708 951 4782; x_wconf 77' lang='lat' dir='ltr'>pontificum,</span> <span class='ocrx_word' id='word_1_380' title='bbox 964 4708 1004 4777; x_wconf 84' lang='grc' dir='ltr'>ΙΙ,</span> <span class='ocrx_word' id='word_1_381' title='bbox 1020 4705 1101 4763; x_wconf 82' lang='lat'><strong>12³6.</strong></span> 
     </span>
    </p>
   </div>
   <div class='ocr_carea' id='block_1_4' title="bbox 0 0 1752 5392">
    <p class='ocr_par' dir='ltr' id='par_1_11' title="bbox 0 0 1752 5392">
     <span class='ocr_line' id='line_1_38' title="bbox 0 0 1752 5392; baseline 0 1"><span class='ocrx_word' id='word_1_382' title='bbox 0 0 1752 5392; x_wconf 95' lang='lat' dir='ltr'> </span> 
     </span>
    </p>
   </div>
  </div>
 </body>
</html>
