3322 5370
419 490 472 562 426
804 496 909 550 Errsr.
930 494 965 549 P.
986 495 1189 570 Naum-474

377 647 445 712 che
473 644 590 709 hanno
618 643 727 727 afitto,
757 665 860 712 senza
887 649 1020 732 puoter'
1038 649 1224 736 predicare,
1251 655 1294 720 ne
1321 653 1442 740 leger',
1464 655 1504 720 ne
1531 653 1610 722 dire

379 782 509 843 messa,
537 761 569 826 la
598 759 699 843 quale
726 771 837 827 tamen
860 760 983 828 dicono
1007 762 1041 828 in
1065 785 1144 831 casa
1167 779 1426 836 secretamente.
1445 769 1486 834 Et
1506 779 1609 835 tanto

377 880 493 943 hanno
509 875 628 962 patit0,
650 877 713 943 che
729 896 799 942 non
815 896 920 960 penso
937 878 1003 946 che
1019 879 1105 946 altro
1121 879 1244 948 nisuno
1260 905 1327 948 non
1342 881 1370 950 si
1384 883 1450 948 fusi
1464 883 1606 949 retirato

378 1014 399 1058 a
414 991 568 1071 Colonia,
587 1010 626 1056 se
641 1012 710 1057 non
726 993 812 1057 Mr0.
832 992 983 1072 Andrea,
1001 993 1025 1059 il
1037 995 1137 1079 quale
1148 998 1193 1062 ha
1205 998 1351 1064 hauutto
1363 1019 1492 1084 sempre
1503 1007 1601 1064 tanta

378 1107 569 1175 intentione
584 1107 618 1173 di
634 1106 768 1192 giouar’
787 1106 811 1170 il
827 1128 889 1172 suo
901 1129 1015 1193 paese.
1035 1111 1078 1176 Et
1090 1115 1203 1176 tamen
1219 1113 1341 1180 adesso
1354 1135 1434 1199 pare
1445 1115 1506 1180 che
1519 1114 1601 1198 quel

379 1221 547 1292 desiderio
563 1221 591 1288 si
607 1223 627 1288 e
642 1220 730 1287 assai
747 1221 900 1288 rimesso.
921 1224 1064 1291 Intendo
1079 1227 1144 1294 che
1159 1227 1273 1311 quella
1288 1248 1403 1312 opera,
1417 1249 1483 1293 non
1496 1227 1530 1292 lu
1548 1226 1599 1292 iu-

380 1337 583 1406 cominciata
598 1358 664 1404 con
681 1357 836 1422 espresso
852 1347 886 1406 et
906 1338 1022 1406 chiaro
1042 1361 1210 1408 consenso
1231 1342 1266 1407 di
1286 1343 1330 1408 N.
1351 1345 1390 1410 P.
1411 1345 1494 1410 Mro.
1512 1343 1602 1426 Lay-

379 1475 455 1533 nez,
474 1476 511 1521 se
528 1474 596 1518 non
612 1472 673 1538 per
690 1462 784 1520 certa
801 1452 1040 1523 commissione
1055 1457 1121 1524 che
1137 1455 1259 1522 dicono
1275 1459 1394 1524 hauer'
1409 1460 1550 1524 hauutto
1565 1458 1600 1521 d'

380 1571 507 1636 andare
535 1571 620 1636 Mr0.
653 1568 793 1634 Andrea
816 1570 860 1649 lh,
886 1591 907 1634 a
931 1570 1055 1640 vedere
1078 1593 1116 1640 se
1139 1571 1168 1637 si
1191 1572 1379 1658 puotrebbe
1402 1574 1462 1640 far'
1479 1573 1601 1638 alchun

388 1687 507 1751 srutto.
528 1685 571 1750 Et
587 1692 709 1768 questo
723 1684 818 1750 buon
836 1684 957 1765 Padre,
976 1686 1132 1752 andando
1148 1696 1182 1755 et
1193 1689 1349 1753 venendo
1362 1700 1480 1773 quatro
1495 1708 1515 1753 o
1529 1685 1601 1752 cin-

379 1821 448 1884 que
463 1800 556 1866 volte
571 1799 636 1864 alla
655 1808 749 1866 corte
762 1797 799 1864 di
816 1799 844 1863 F
845 1798 975 1879 iandra,
995 1800 1068 1868 fece
1083 1801 1278 1870 finalmente
1295 1813 1392 1869 tanto
1413 1824 1473 1888 per
1487 1821 1600 1870 mezzo

378 1915 435 1980 del
452 1913 566 1999 Viglio
582 1924 616 1980 et
633 1912 750 1998 Opero
766 1915 787 1993 ¹,
808 1914 875 1981 che
889 1936 975 1981 sono
992 1913 1087 2000 frisij,
1102 1917 1168 1984 che
1179 1916 1203 1982 li
1220 1918 1341 1983 furono
1356 1915 1522 2004 assegnati
1536 1936 1597 2000 3⁰0

380 2028 491 2096 fiorini
507 2027 647 2094 carolini
664 2049 766 2114 sopra
781 2027 866 2096 certi
888 2029 967 2098 beni
983 2027 1016 2096 d'
1032 2053 1080 2096 un
1100 2032 1305 2100 monasterio
1321 2032 1482 2112 desolato,
1500 2051 1596 2098 senza

384 2165 474 2224 casa,
492 2165 595 2210 senza
611 2142 737 2223 chiesa,
756 2165 859 2210 senza
874 2147 1001 2214 schole.
1020 2147 1207 2213 Andorono
1222 2148 1390 2214 cercando
1413 2149 1500 2214 doue
1515 2167 1595 2233 puo-

381 2271 497 2326 tesero
512 2258 684 2338 fermarsi,
702 2269 737 2325 et
758 2259 954 2328 finalmente
976 2261 1005 2326 si
1030 2263 1224 2331 fennorono
1243 2261 1278 2328 in
1293 2285 1362 2329 vna
1382 2275 1471 2330 terra
1491 2259 1595 2328 chesi

384 2375 460 2442 dice
476 2375 556 2440 llsta
568 2374 593 2454 ¹,
611 2373 660 2440 sei
676 2373 834 2460 giornate
849 2376 988 2443 lontano
1004 2377 1048 2443 da
1063 2377 1217 2444 Colonia.
1233 2379 1275 2443 Et
1292 2379 1424 2445 benchd
1439 2378 1552 2444 adesso
1567 2375 1594 2441 ci

383 2493 465 2556 evn
482 2499 582 2554 conte
598 2509 664 2555 con
685 2501 790 2574 gente
810 2490 844 2555 di
866 2512 991 2578 guerra
1011 2502 1130 2558 contra
1150 2492 1199 2580 gli
1219 2493 1377 2574 heretici,
1403 2499 1513 2558 tome-n
1534 2513 1596 2557 non

386 2608 500 2670 hanno
517 2603 574 2689 piu
590 2604 711 2671 liberta
723 2608 788 2674 che
803 2605 931 2687 auanti,
950 2609 1019 2674 imo
1035 2619 1172 2676 temono
1192 2609 1288 2693 quasi
1309 2609 1366 2694 piu
1386 2608 1504 2676 adesso
1524 2605 1594 2674 dalli

384 2721 510 2788 soldati
523 2729 552 2801 ⁸,
575 2741 645 2786 non
664 2722 979 2790 essendoanchora
1001 2723 1126 2790 ridotta
1148 2725 1180 2792 la
1204 2735 1308 2806 terra,
1331 2727 1399 2789 imo
1423 2719 1594 2791 temendosi

385 2836 508 2903 adesso
525 2847 799 2917 comunemente,
818 2848 853 2904 et
869 2839 1027 2905 hauendo
1043 2840 1101 2926 pid
1122 2839 1279 2906 incertitu
1299 2841 1365 2906 che
1387 2839 1464 2906 mai.
1482 2840 1515 2906 lo
1529 2841 1594 2905 fece

384 2948 405 3014 l’
423 2971 554 3018 essame
569 2950 768 3036 particulare
785 2956 958 3021 conMro.
977 2956 1134 3036 Andrea,
1153 2966 1187 3025 et
1208 2956 1242 3022 lo
1268 2955 1437 3023 consessai
1451 2953 1593 3040 general-

385 3075 510 3145 mente,
530 3077 564 3133 et
580 3066 779 3152 applicando
795 3068 819 3134 il
835 3069 1010 3156 conseglio
1021 3071 1064 3140 de
1076 3070 1187 3156 questi
1202 3070 1302 3138 Padri
1318 3072 1362 3137 de
1376 3091 1454 3136 casa
1469 3065 1592 3144 conlui,

383 3203 482 3268 parse
498 3204 518 3248 a
534 3182 614 3247 tutti
625 3184 703 3264 che,
718 3185 753 3250 di
769 3185 817 3251 sei
829 3186 896 3252 che
912 3205 995 3252 sono
1012 3187 1056 3267 la,
1074 3196 1248 3252 restaseno
1264 3185 1333 3266 doi,
1352 3189 1438 3253 Mro.
1456 3185 1593 3258 Andrea,

384 3307 418 3364 et
437 3296 619 3383 Philippo³
637 3320 697 3384 per
713 3300 917 3386 compagnio
933 3312 968 3369 et
984 3301 1192 3382 coadiutore;
1211 3300 1259 3388 gli
1276 3300 1350 3366 altri
1366 3311 1486 3385 quatro
1501 3318 1593 3366 vene-

386 3432 463 3479 sero
479 3434 498 3477 a
515 3412 669 3494 Colonia,
688 3425 723 3482 et
736 3415 944 3501 aspettasino
959 3416 983 3482 il
999 3428 1112 3502 tempo
1127 3418 1171 3484 de
1186 3416 1333 3484 alchuna
1353 3414 1544 3483 fundatione
1564 3409 1591 3475 di

385 3527 497 3612 quella
513 3548 626 3613 opera,
641 3550 678 3595 se
693 3528 720 3595 s'
737 3532 782 3596 ha
798 3553 819 3597 a
835 3531 992 3612 ritenere,
1008 3532 1128 3618 poiche
1144 3532 1179 3598 in
1195 3543 1317 3617 questo
1334 3543 1457 3618 tempo,
1471 3541 1505 3597 et
1519 3545 1593 3594 sono

437 3687 453 3720 ²
482 3677 621 3750 Sequitur
632 3683 660 3733 et
673 3679 872 3736 obliteratum.
892 3680 939 3735 Ad
951 3683 1062 3737 calcem
1075 3681 1161 3754 hujus
1174 3682 1283 3753 primae
1296 3681 1428 3754 pagellae
1437 3681 1508 3734 haec
1518 3689 1591 3732 anno

382 3764 458 3820 tavit
470 3765 555 3820 libr.:
569 3765 697 3836 Hijuelo
710 3769 786 3823 della
798 3769 932 3840 epistole.

440 3904 448 3934 ¹
486 3901 531 3954 De
544 3900 589 3955 his
603 3899 666 3972 ipse
679 3902 714 3957 P.
728 3905 882 3960 Boccatius
895 3906 967 3960 haec
977 3905 1056 3960 Patri
1067 3906 1184 3974 Kessel,
1194 3905 1299 3960 rectori
1309 3903 1478 3975 coloniensi,
1489 3895 1591 3972 scripsit

384 3987 418 4042 28
432 3987 502 4058 Julii
519 3994 596 4058 1504:
612 4008 641 4044 u.
652 4033 658 4046 .
670 3989 713 4047 .d.
733 3993 900 4063 Joachimus
917 3994 1072 4065 Hopperus
1086 3993 1193 4049 secreti
1205 3993 1319 4049 consilii
1332 3991 1513 4048 consiliarius
1525 3997 1550 4044 et
1561 3983 1587 4039 d,

384 4074 500 4146 Viglius
514 4095 614 4148 preses
628 4079 819 4152 impetrarunt
832 4082 902 4138 milri
913 4081 1012 4138 literas
1023 4090 1158 4154 patentes
1171 4082 1286 4136 nomine
1300 4081 1379 4150 regis
1392 4081 1515 4152 scriptas
1527 4073 1592 4146 sigil-

383 4165 412 4220 lo
425 4165 504 4236 regis
516 4184 658 4241 appenso,
675 4187 733 4242 que
750 4170 895 4242 omnibus,
913 4171 964 4243 qui
981 4172 1011 4227 in
1029 4171 1126 4245 aliquo
1144 4171 1240 4227 officio
1259 4180 1338 4240 sunt,
1353 4173 1466 4239 iubent,
1484 4176 1515 4225 ut
1532 4157 1590 4221 mihi

383 4253 523 4311 assistant
534 4264 635 4312 contra
648 4258 780 4314 homines
793 4258 870 4328 illos,
884 4260 934 4332 qui
952 4261 1023 4316 mihi
1036 4259 1199 4316 molestiam
1218 4259 1343 4333 aliquam
1362 4259 1591 4316 exhiberent...»

385 4343 532 4415 Hrusrn,
546 4346 592 4401 loc
616 4347 680 4416 cit,
693 4348 757 4418 498.

438 4435 449 4466 ⁸
486 4433 568 4504 llsta‚
581 4434 752 4506 oppidulum
766 4437 908 4492 Bataviae
921 4437 951 4493 in
964 4437 1071 4493 Frisia.

440 4521 450 4552 ³
487 4522 521 4576 ln
542 4525 675 4593 catalogo
697 4525 866 4595 provinciae
878 4526 985 4598 Rheni,
1006 4525 1207 4582 Harlamensis
1229 4523 1464 4598 cognominatur,
1478 4531 1507 4578 et
1518 4520 1588 4575 dero

384 4609 458 4663 haec
471 4617 583 4666 tanturn
597 4612 752 4669 adduntur:
767 4635 796 4670 a.
806 4655 814 4672 .
825 4616 886 4688 .qui
899 4633 966 4672 cum
979 4616 1017 4672 P.
1035 4615 1153 4672 Andrea
1165 4615 1304 4671 Boccatio
1316 4623 1363 4670 eet
1375 4611 1506 4684 Lousnii,
1515 4619 1586 4682 quem

385 4713 453 4750 cum
466 4697 532 4753 aliis
545 4709 669 4772 expecto
682 4712 715 4757 vt
728 4705 882 4760 veniant.»
