3414 5374
431 503 486 574 656
817 509 921 564 Errsr.
943 507 976 562 P.
998 506 1201 578 Nauae—548

391 659 423 726 el
442 662 480 726 P.
500 661 561 726 Dr.
581 659 691 729 Solier
706 663 714 694 ¹
731 659 811 728 hizo
832 662 876 729 de
896 662 947 728 las
967 659 1102 748 gracias
1122 661 1166 728 de
1185 659 1420 728 mendicantes
1432 659 1459 740 ¹,
1477 681 1500 746 y
1515 661 1614 726 halla·

390 795 464 841 rnos
480 775 595 843 hartas
612 775 863 858 difficultades;
883 798 955 843 mas
978 781 1165 843 auemonos
1182 778 1328 844 resuelto
1344 797 1386 843 en
1403 797 1451 842 no
1467 777 1613 862 publicar

390 889 466 956 sino
480 900 556 956 otro
572 890 775 977 compendio
790 892 895 958 delas
911 889 1044 978 gracias
1056 912 1124 976 que
1137 891 1227 960 tiene
1238 893 1270 957 la
1283 893 1475 977 Compadia
1486 913 1548 978 por
1557 914 1611 959 sus

389 1006 510 1087 bullas
529 1028 551 1091 y
567 1006 714 1092 despuas
730 1017 804 1072 otro
820 1008 863 1074 de
880 1009 930 1074 los
946 1007 1049 1072 uiuae
1063 1009 1157 1073 uocis
1168 1008 1336 1087 miculos,
1355 1005 1609 1092 apropiandolos

387 1121 473 1188 alas
489 1121 656 1190 nationes
677 1121 843 1189 Tambien
858 1143 1079 1208 procuramos
1091 1143 1210 1189 reueer
1227 1145 1273 1189 un
1285 1121 1489 1190 breuissimo
1504 1122 1608 1189 indice

386 1236 430 1301 de
449 1237 500 1303 las
524 1236 792 1306 constituciones
808 1260 876 1324 que
891 1237 968 1304 hizo
985 1238 1017 1306 el
1035 1240 1075 1305 P.
1092 1236 1258 1324 Dionysio
1270 1240 1296 1320 ³,
1313 1237 1458 1304 estando
1476 1242 1571 1322 aqui,
1587 1261 1606 1322 y

384 1361 548 1420 contenta
563 1358 583 1418 a
600 1353 709 1434 todoS‚
727 1373 857 1439 porque
873 1377 918 1420 no
934 1353 1011 1422 dice
1026 1355 1059 1420 la
1074 1352 1272 1421 substancia
1287 1355 1329 1420 de
1344 1353 1395 1420 las
1412 1374 1525 1436 cosas,
1538 1353 1606 1420 sino

386 1467 515 1532 indicat
531 1469 602 1533 loca
618 1473 763 1535 tantum.
783 1471 823 1536 El
839 1471 894 1537 del
911 1471 951 1536 P.
972 1471 1058 1538 Mro.
1078 1469 1190 1536 Miron
1203 1489 1282 1537 creo
1297 1490 1365 1553 que
1380 1491 1418 1537 es
1434 1491 1518 1554 muy
1529 1469 1605 1534 bue-

383 1604 440 1662 no,
458 1589 569 1669 segon
584 1605 625 1650 su
642 1584 825 1670 diligencia
840 1607 862 1670 y
879 1584 1121 1672 intelligencia3
1137 1607 1209 1651 mas
1221 1604 1319 1652 corno
1330 1585 1406 1652 dize
1418 1586 1451 1651 el
1463 1584 1599 1666 sentido,

384 1721 406 1782 y
423 1719 468 1764 no
478 1708 493 1742 ¹
504 1700 554 1764 las
570 1699 707 1766 mismas
722 1702 879 1786 palabras
893 1701 937 1767 de
953 1701 1003 1768 las
1015 1697 1295 1780 constitucioneS,
1310 1705 1420 1786 segdn
1434 1700 1598 1777 entiendo,

383 1835 450 1898 que
465 1835 511 1900 yo
527 1835 571 1880 no
587 1816 620 1880 lo
636 1817 679 1882 he
695 1815 807 1900 leydo,
825 1837 880 1882 me
895 1837 1018 1900 parece
1033 1837 1114 1882 cosa
1129 1816 1173 1885 de
1188 1819 1313 1882 mucho
1331 1814 1536 1882 considerar.
1553 1815 1597 1879 En

383 1929 538 2014 publicar
550 1940 623 1998 este
638 1931 694 2000 del
711 1929 941 2017 P..Dionysi0,
951 1951 996 1997 no
1008 1952 1062 1997 me
1074 1952 1195 2016 parepe
1206 1953 1249 2016 ay
1261 1932 1386 1996 mucha
1397 1929 1591 1998 difficultad.

385 2049 534 2112 Ponerse
555 2047 601 2112 ha
622 2047 705 2112 todo
724 2066 768 2112 en
784 2047 930 2112 orden...
951 2046 1046 2112 Hase
1069 2047 1243 2136 ¹renouado
1270 2047 1304 2110 la
1327 2065 1410 2111 cura
1432 2046 1531 2112 sobre
1552 2044 1595 2108 las

383 2160 675 2247 congregaciones
687 2162 712 2227 ⁴.
732 2162 773 2227 El
793 2163 956 2226 hermano
978 2159 1122 2239 Claudio
1143 2158 1347 2245 Aeduauiua
1361 2159 1521 2254 latiende
1536 2165 1554 2223 a
1568 2159 1595 2223 la

379 2277 423 2343 de
439 2297 607 2362 mayores,
621 2277 664 2342 de
677 2277 789 2344 donde
800 2297 994 2362 esperamos
1007 2277 1112 2361 algdn
1126 2276 1238 2340 fructo
1249 2277 1292 2343 de
1304 2274 1546 2362 proselitus.....
1559 2275 1593 2338 El

380 2391 515 2478 colegio
530 2391 728 2478 germanico
743 2397 816 2458 esta
832 2413 914 2476 muy
930 2389 1058 2475 quieto:
1074 2411 1117 2476 ay
1130 2393 1252 2457 mucha
1265 2401 1381 2476 gente,
1395 2390 1544 2476 yuienen
1555 2391 1591 2454 de

378 2507 464 2574 cada
480 2509 535 2574 dia
540 2557 634 2577 .......
655 2505 821 2573 Tambien
836 2509 882 2572 ha
898 2505 1055 2591 repebido
1072 2507 1114 2592 (el
1131 2507 1221 2572 buen
1239 2505 1433 2590 Sebastian)
1447 2508 1471 2592 ⁶,
1488 2506 1538 2572 sin
1551 2525 1590 2590 yo

376 2623 522 2704 saber10,
540 2623 572 2688 al
587 2622 718 2689 mdsico
734 2619 885 2690 Victoria
900 2625 923 2702 ⁷,
942 2642 1009 2706 que
1025 2623 1068 2688 de
1083 2631 1181 2687 antes
1196 2631 1315 2688 estaua
1335 2643 1379 2688 en
1396 2622 1427 2690 el
1442 2620 1585 2706 collegio,

380 2747 578 2754 -mn-u—-n

403 2867 407 2872 Ι
430 2800 447 2833 ⁸
474 2791 687 2860 Regest.,nos.

376 2895 574 2905 ——n—--—

428 2941 436 2972 ¹
475 2939 677 2996 Ferdinandus
699 2943 747 2996 vel
770 2939 945 2995 Hernandus
965 2940 1071 3012 Solier,
1092 2939 1130 2994 de
1152 2957 1211 3013 quo
1232 2939 1301 2996 vide
1323 2938 1409 3012 epist.
1423 2953 1483 3010 470,
1506 2957 1536 2994 n.
1559 2952 1582 3005 43

375 3035 406 3082 et
521 3070 528 3084 .
563 3071 569 3083 .

419 3041 521 3173 {ubi
536 3043 737 3191 daccnnun,
751 3120 807 3174 roc.
823 3117 887 3188 cit.,
901 3125 974 3189 part.
989 3117 1044 3189 111,
1058 3117 1116 3198 rra.
1125 3117 1193 3188 vu,
1206 3134 1234 3172 n.
1252 3129 1294 3173 11.

426 3207 437 3240 ³
476 3208 538 3262 Vaz
560 3227 624 3264 uez.

422 3299 434 3330 ’ἲ
471 3227 576 3355 Seruio
593 3305 640 3352 est
656 3297 694 3352 de
716 3293 995 3368 congregationibus
1018 3293 1200 3362 Marialibus,
1219 3311 1341 3367 quarum
1364 3293 1445 3350 initia
1465 3291 1583 3348 breviter

368 3383 467 3456 attigit
480 3385 677 3455 SaccurnUS,
691 3386 746 3439 loc.
761 3383 824 3452 cit.,
838 3391 912 3456 part.
929 3383 969 3445 ΙΙ,
983 3383 1035 3438 lib.
1049 3383 1115 3450 Vll,
1129 3399 1157 3437 a.
1172 3394 1200 3450 7.
1212 3382 1319 3437 Fusius
1333 3389 1362 3437 et
1377 3383 1488 3438 uberius
1501 3380 1581 3453 expli·

256 3467 259 3474 '
367 3474 446 3529 cavit
459 3475 586 3547 Prosper
600 3475 756 3530 Malavolta
774 3473 803 3528 in
821 3474 929 3530 litteris
947 3472 1180 3542 semestralibus‚
1194 3473 1303 3526 Romae
1316 3471 1365 3526 die
1388 3484 1420 3541 14
1436 3471 1501 3543 Julii
1515 3485 1580 3524 anno

369 3563 438 3631 1564
450 3562 538 3630 datis,
552 3581 625 3636 quas
643 3563 748 3634 partim
762 3562 854 3618 edidit
872 3563 905 3620 P.
921 3562 1012 3626 Fiter,
1026 3561 1058 3616 S.
1075 3562 1116 3633 J.,
1130 3560 1161 3616 in
1173 3561 1323 3633 prooemio
1336 3560 1466 3632 opusculi
1478 3559 1508 3614 P.
1522 3557 1578 3612 Phi·

366 3651 437 3722 lippi
451 3651 557 3706 Ldfller
577 3653 608 3708 S.
628 3654 670 3723 J.,
688 3652 735 3706 cui
755 3652 868 3708 titulus:
886 3651 928 3706 La
947 3651 1167 3724 congregacidn
1181 3647 1341 3718 Mariana,
1359 3648 1483 3703 editione
1495 3647 1577 3718 hispa-

365 3739 442 3810 nica,
456 3758 544 3812 pagg.
559 3755 646 3810 xvru,
661 3753 725 3796 xix.

418 3831 429 3862 ⁵
466 3830 586 3900 Egregii
600 3829 687 3901 hujus
701 3829 767 3898 viri,
778 3829 828 3903 qui
842 3837 908 3900 post
922 3825 1102 3883 Everardum
1115 3825 1169 3882 toti
1182 3823 1307 3898 praefuit
1318 3825 1467 3889 societati,
1477 3826 1574 3895 ingres

362 3933 428 3972 sum
440 3917 469 3973 in
485 3919 617 3974 eamdem
632 3919 700 3974 vide
714 3936 811 3990 supra,
826 3918 916 3990 epist.
932 3929 995 3986 491,
1011 3933 1044 3971 n.
1061 3914 1092 3970 3.

416 4009 427 4042 ⁸
465 4007 658 4063 Sebastianus
671 4007 786 4077 Romei,
801 4015 896 4062 rector
909 4005 1028 4076 collegii
1040 4003 1213 4075 germanici.

414 4101 424 4130 ⁷
462 4098 589 4152 Thomas
605 4097 772 4152 Ludovicus
785 4095 822 4150 de
836 4095 976 4159 Victoria,
989 4093 1105 4148 Abulae
1118 4101 1187 4149 ante
1200 4109 1308 4148 annum
1324 4106 1392 4161 1540
1404 4101 1492 4159 ortus,
1503 4105 1572 4162 prae

358 4185 539 4241 clarissimus
553 4185 710 4256 religiosae
724 4185 850 4240 musices
864 4182 1017 4254 magister.
1036 4183 1081 4236 De
1095 4197 1131 4236 eo
1144 4181 1186 4237 cf.
1208 4181 1368 4252 PEDRELL,
1386 4181 1508 4236 Estudr'o
1523 4179 1572 4233 bio·

357 4273 573 4347 bibliogrdfico,
588 4275 745 4330 destinatio
758 4277 778 4328 ἀ
788 4277 942 4344 preparar
957 4290 1020 4326 una
1032 4270 1149 4333 edicidn
1162 4271 1308 4343 completa
1322 4271 1357 4326 de
1373 4271 1420 4325 las
1435 4269 1517 4325 obras
1531 4266 1571 4322 det

354 4363 476 4436 insigne
490 4368 620 4418 mnestro
633 4362 771 4418 abulense
789 4361 896 4416 Tomds
911 4361 984 4415 Lais
997 4361 1033 4416 de
1054 4359 1198 4424 Victoria,
1214 4359 1245 4414 in
1260 4359 1444 4426 recensione,
1456 4358 1501 4414 cui
1514 4356 1571 4413 titu-

354 4453 410 4505 lus:
427 4452 470 4506 La
485 4455 601 4507 mrtsica
614 4451 762 4523 religiosa
775 4469 810 4506 en
826 4451 961 4521 Espaffn,
977 4466 1026 4504 nn.
1044 4461 1135 4517 12·27;
1150 4447 1200 4503 ubi
1219 4447 1379 4520 prudenter
1396 4447 1509 4504 dubitat
1523 4447 1571 4500 cla·

353 4541 487 4596 rissimus
501 4551 601 4596 auctor
613 4541 650 4596 de
664 4548 805 4611 ternpore,
821 4556 879 4612 quo
892 4537 1021 4610 incoepit
1034 4537 1184 4594 Victoriae
1197 4535 1397 4608 magisterium
1409 4537 1441 4592 in
1458 4533 1570 4606 collegio

351 4630 532 4700 germanico,
547 4630 596 4684 ubi
610 4631 682 4684 haec
695 4631 736 4698 (n.
754 4641 798 4699 14,
811 4644 880 4699 pag.
894 4629 957 4696 215)
972 4625 1085 4682 scribit:
1101 4624 1219 4696 «Sagun
1238 4627 1265 4680 el
1283 4623 1426 4680 Cardena}
1444 4625 1569 4680 Steinbu·

353 4719 416 4782 ber,
430 4719 458 4772 al
469 4719 587 4789 primer
600 4721 730 4772 maes-tro
744 4718 779 4772 da
791 4715 967 4788 capilladel
987 4714 1159 4790 Collegium
1179 4713 1398 4770 Germanicum
1411 4713 1461 4770 sue
1479 4713 1567 4768 Victo·
