3414 5374
435 457 489 526 718
824 459 929 514 Emsr.
949 456 983 512 Ρ.
1003 455 1207 512 Naana-600

397 609 514 678 ciales.
533 612 587 679 De
610 609 817 698 imaginibus
832 609 991 696 ignoscas
1017 607 1112 688 mihi,
1143 610 1256 676 Pater.
1281 607 1400 694 Quum
1420 607 1560 695 primum
1574 629 1612 674 ex

397 725 468 793 tuis
483 725 590 794 literis
605 723 755 804 intellexi
771 723 854 792 mihi
870 722 942 790 dari
958 723 1154 811 negocium,
1173 735 1209 790 et
1229 725 1427 818 facultatem
1448 721 1607 802 editionis,

398 839 563 928 corripuit
575 863 629 909 me
641 839 774 908 auersio
786 838 969 926 singularis
981 840 1024 905 ab
1036 840 1360 926 opereexcudendo,
1375 861 1477 925 quam
1486 837 1607 908 etiamsi

394 954 591 1044 significaui
608 953 810 1023 Patamitati
826 956 933 1035 Tuae,
951 974 1020 1021 non
1040 953 1182 1040 exposui
1198 963 1312 1022 tamen
1327 957 1504 1036 hactenus3
1522 956 1605 1041 quod

394 1093 491 1139 nunc
506 1070 606 1139 facio.
625 1069 691 1138 Cui
707 1069 798 1137 enim
814 1066 1008 1154 explicarim
1025 1067 1176 1136 animum
1195 1090 1322 1150 meum,
1341 1070 1369 1136 si
1393 1069 1455 1136 tibi
1471 1091 1537 1137 non
1551 1093 1604 1138 ex·

398 1185 536 1272 plicem?
543 1184 671 1254 Creuit
686 1185 743 1252 illa
754 1185 856 1253 animi
868 1183 1003 1252 auersio
1018 1197 1053 1253 et
1068 1183 1228 1252 alienatio
1244 1184 1278 1250 in
1294 1183 1379 1267 dies3
1400 1197 1438 1251 vt
1457 1184 1523 1252 iarn
1538 1196 1605 1250 tan-

392 1301 488 1381 dem,
500 1323 569 1368 non
582 1300 749 1387 potuerim
762 1298 844 1384 quin
856 1320 931 1366 eam
944 1297 1005 1366 tibi
1015 1298 1192 1386 perspicue
1202 1299 1377 1386 aperirem.
1391 1302 1469 1368 Non
1482 1322 1602 1378 censeo,

398 1418 512 1495 Pater,
530 1415 586 1482 illa
602 1416 745 1495 edenda,
763 1415 824 1482 scd
835 1413 993 1484 habenda
1008 1436 1069 1500 pro
1084 1413 1218 1500 scriptis
1234 1413 1269 1482 in
1286 1414 1469 1496 Societate,
1494 1413 1604 1500 quibus

393 1531 446 1596 vti
458 1532 564 1617 possit
579 1532 639 1618 qui
654 1531 747 1599 velit.
766 1534 892 1598 Iterum
907 1540 987 1616 peto
1000 1540 1035 1595 vt
1048 1529 1129 1596 mihi
1142 1533 1231 1600 hanc
1242 1533 1415 1600 condones
1426 1531 1499 1600 siue
1510 1529 1603 1618 pusil-

392 1645 628 1726 lanimitatem,
643 1645 717 1714 siue
731 1645 931 1725 nouitatem,
950 1643 1023 1712 siue
1039 1645 1141 1714 etiam
1159 1644 1295 1712 nimiam
1312 1649 1404 1732 apud
1415 1657 1450 1716 te
1466 1653 1599 1726 satiram

394 1762 483 1829 Nolo
503 1783 579 1831 esse
594 1761 829 1848 importunior.
850 1759 978 1847 Scripsi
989 1759 1098 1829 dehis
1109 1763 1153 1828 ad
1165 1761 1356 1830 Ximenem.
1372 1763 1456 1830 Vale
1467 1762 1501 1828 in
1513 1760 1601 1829 Chri-

387 1889 459 1958 sto,
479 1888 513 1945 et
529 1877 607 1944 viue
625 1876 741 1957 foelix,
760 1878 874 1957 Pater,
892 1874 1093 1956 diutissime,
1112 1877 1156 1944 ad
1173 1875 1331 1943 maiorem
1344 1877 1408 1945 Dei
1421 1877 1556 1964 gloriam
1570 1889 1598 1944 et

380 1992 577 2063 ¹Societatis
603 1992 862 2058 incrementum.
892 1992 1014 2073 Halae,
1045 1993 1087 2058 28
1115 1991 1197 2060 Maii
1227 1995 1321 2077 1576.
1351 1996 1392 2060 P.
1422 1995 1465 2061 V.
1493 2013 1598 2061 seruus

396 2109 434 2175 in
449 2110 528 2189 X.⁰,
1373 2192 1374 2206 χ

1170 2233 1193 2321 †
1217 2234 1391 2302 Nnrnms.
1418 2235 1440 2321 †

1282 2324 1305 2410 i

462 2456 646 2541 Inscriptio
663 2455 699 2520 in
717 2458 841 2538 quarta
863 2455 1012 2540 pagina:
1039 2455 1062 2541 †
1091 2454 1287 2522 Admodum
1315 2456 1401 2523 Rd0.
1420 2455 1454 2523 in
1477 2456 1594 2524 Christo

396 2571 489 2640 Patri
504 2573 547 2638 N.
569 2574 607 2637 P.
628 2569 802 2637 Euerardo
818 2568 1045 2650 Mercurian0,
1059 2569 1252 2657 praeposito
1268 2572 1418 2658 generali
1435 2569 1593 2640 Societatis

385 2691 484 2775 Jesu.
500 2687 640 2754 Romae.
661 2686 744 2750 Alia
770 2706 889 2750 manu:
916 2685 1011 2769 1576.
1040 2686 1141 2752 Hala.
1161 2689 1201 2753 P.
1228 2687 1369 2754 Natalis.
1393 2689 1434 2754 28
1451 2687 1533 2756 Maii.
1554 2689 1587 2753 B.

389 2802 512 2889 Sigiiii
531 2803 727 2888 vestigium.

959 2993 1055 3058 000

714 3119 747 3176 Ρ.
763 3119 1001 3178 EVERARDUS
1015 3121 1301 3180 MERCURIANUS

634 3239 791 3305 PATRI
823 3239 1143 3309 HIERONYMO
1180 3243 1365 3311 NADAL

808 3383 929 3439 nouas,
953 3387 971 3442 9
989 3385 1069 3438 Junm
1095 3373 1163 3443 1576
1178 3373 1197 3430 ¹.

851 3485 988 3557 Epistola
1000 3486 1143 3559 officiosa.

457 3613 677 3681 Riceuemmo
691 3611 748 3678 doi
766 3613 886 3680 lettere
906 3612 993 3680 della
1008 3614 1053 3680 V.
1073 3615 1129 3694 R.,
1144 3615 1177 3682 la
1194 3637 1262 3682 vna
1282 3617 1316 3683 di
1338 3635 1390 3700 12,
1413 3619 1434 3683 l’
1449 3616 1524 3682 altra
1536 3613 1579 3678 del
1682 3691 1683 3702 ἵ

383 3728 506 3795 vltimo
521 3727 555 3794 di
573 3729 699 3806 Marzo,
714 3736 748 3794 et
764 3728 868 3792 molto
884 3726 915 3793 ci
927 3727 1162 3813 rallegrammo
1177 3731 1234 3797 nel
1250 3731 1397 3818 Signore
1416 3730 1473 3798 chi
1491 3731 1528 3796 V.
1543 3729 1576 3794 R.

387 3845 423 3912 in
439 3845 517 3929 quel
526 3837 646 3929 'tempo
659 3842 688 3909 si
700 3842 749 3908 sia
762 3852 894 3909 trouata
907 3841 1042 3928 meglio,
1057 3855 1091 3911 et
1103 3842 1156 3911 ch'
1169 3845 1294 3914 habbia
1306 3847 1456 3916 riceuuto
1467 3843 1577 3932 grande

386 3958 622 4028 consolatione
642 3958 730 4024 delle
751 3979 865 4025 nuoue
886 3957 1026 4025 scritteli
1046 3959 1102 4026 dal
1126 3963 1166 4027 P.
1186 3960 1351 4030 Oliuerio.
1375 3961 1480 4031 Piacia
1497 3979 1576 4027 asoa

381 4075 504 4142 diuina
515 4077 620 4140 bonta
633 4072 839 4160 prolongarli
852 4073 968 4154 molta,
979 4084 1013 4142 et
1025 4074 1057 4140 la
1069 4075 1190 4158 salute,
1206 4087 1241 4146 et
1252 4080 1286 4145 la
1296 4077 1522 4154 consolatione,
1530 4093 1578 4160 per
1681 4059 1682 4122 Ᾰ

386 4189 518 4277 magior
533 4189 643 4275 gloria
659 4210 732 4256 sua.
752 4190 893 4274 Quanto
909 4189 974 4255 alla
989 4188 1153 4260 difficultai
1169 4193 1212 4258 de
1228 4192 1351 4279 cinque
1371 4217 1429 4282 per
1441 4184 1576 4270 cento,ci

385 4311 533 4374 hastato
561 4315 658 4392 grato
686 4305 709 4370 l'
733 4303 846 4370 ufficio
873 4314 908 4371 et
934 4303 1030 4372 auiso
1046 4305 1080 4371 di
1108 4309 1152 4375 V.
1182 4309 1223 4376 R.
1253 4308 1318 4376 Gid
1344 4332 1388 4378 ne
1414 4327 1490 4376 auea
1506 4311 1577 4371 stata

382 4425 456 4490 Sua
476 4423 549 4489 Sta.
579 4419 734 4488 auuisata
749 4441 810 4506 per
837 4420 925 4502 altri,
944 4431 979 4488 et
999 4441 1095 4489 come
1113 4425 1261 4491 hauemo
1281 4425 1399 4493 scritto
1418 4417 1575 4509 alprouin·
1680 4469 1681 4474 ,

439 4585 448 4616 ¹
486 4583 529 4638 Ex
543 4582 682 4652 Regesto,
700 4579 772 4636 Cod.
789 4597 803 4651 3
807 4595 822 4652 3
832 4581 875 4653 j),
890 4580 941 4638 fol.
955 4579 991 4652 43
1003 4581 1038 4627 2⁰
1050 4583 1084 4639 In
1094 4581 1235 4657 margine:
1247 4585 1357 4642 Halae.
1370 4587 1406 4642 P.
1419 4581 1574 4650 Hieronymo

378 4669 504 4725 Natali.
518 4668 594 4724 Vide
607 4669 693 4742 epist.
708 4681 771 4741 5943
785 4678 816 4726 et
828 4683 892 4742 595,
905 4671 1013 4744 quibus
1025 4672 1072 4729 hic
1084 4673 1287 4747 respondetur.
