3482 5386
779 487 883 542 Epist.
903 483 938 540 Ρ.
957 482 1160 553 Nonii-617

930 719 1007 782 ott

689 843 730 910 Ρ.
750 840 1059 909 HIERONYMUS
1081 836 1245 908 NADAL

548 961 700 1032 prim
730 971 1007 1032 nvnnnnpo
1037 967 1381 1029 nnncnninno

719 1097 913 1158 onnronrn,
926 1088 962 1144 28
972 1099 1094 1145 Arm
1109 1097 1177 1159 ιςῃ
1190 1089 1210 1142 ¹.

587 1206 634 1262 De
645 1221 700 1261 εισο
712 1206 814 1261 reditu
826 1205 861 1260 in
872 1203 1010 1274 Italiam,
1023 1206 1060 1260 de
1071 1205 1150 1260 socio
1161 1207 1190 1260 et
1201 1205 1237 1260 de
1249 1201 1345 1259 libris.

423 1336 446 1422 †
472 1332 675 1402 MoltoRdo.
691 1334 731 1398 P.
744 1332 788 1399 N.
801 1329 836 1397 in
849 1331 909 1398 X?
920 1329 993 1398 Pax
1003 1329 1063 1408 X!
1077 1332 1116 1396 ln
1128 1339 1216 1398 tutte
1227 1329 1261 1398 le
1271 1331 1376 1398 letere
1386 1329 1585 1398 dellaPV.

356 1450 403 1518 mi
419 1450 464 1518 dd
478 1449 503 1515 il
519 1447 646 1535 Signor
660 1445 787 1532 special
807 1445 1034 1529 consolation,
1051 1467 1107 1512 rna
1125 1443 1392 1532 singolarmente
1411 1443 1446 1511 in
1468 1445 1590 1531 quelle

357 1568 424 1634 che
440 1561 738 1652 pertengona1sic]
757 1561 822 1628 alla
837 1561 943 1647 praxi.
962 1558 1047 1628 Cusi
1063 1581 1131 1626 con
1146 1561 1180 1627 la
1195 1581 1258 1629 sua
1271 1559 1306 1627 di
1323 1577 1363 1644 25
1380 1559 1415 1626 di
1430 1561 1589 1628 Febraro

358 1679 607 1768 grandamente
625 1675 698 1764 [sic]
714 1675 761 1741 mi
775 1697 838 1742 son
858 1675 1044 1757 consolato,
1061 1685 1097 1743 et
1117 1675 1163 1742 mi
1182 1678 1228 1742 ha
1246 1695 1346 1763 perso
1361 1676 1450 1745 nelle
1465 1675 1588 1762 parole

357 1796 392 1863 di
405 1796 451 1863 V.
473 1797 512 1861 P.
531 1791 638 1860 sentir
653 1794 686 1859 la
698 1791 864 1858 direction
874 1790 941 1858 mia
957 1792 1002 1858 da
1015 1809 1117 1858 mano
1132 1789 1166 1858 di
1189 1810 1252 1858 sua
1271 1790 1387 1858 diuina
1410 1793 1496 1859 Mtd.
1521 1790 1582 1860 sia

358 1910 542 1978 benedetto
558 1907 664 1975 lddio.
683 1907 758 1974 Con
774 1908 806 1972 la
821 1907 899 1973 luce
913 1908 977 1973 che
993 1905 1039 1972 mi
1055 1906 1089 1974 ia
1103 1907 1147 1974 V.
1167 1908 1207 1973 P.
1226 1907 1352 1974 vederd
1371 1906 1408 1972 di
1427 1907 1581 1973 caminar

358 2024 402 2106 lsi,
417 2023 553 2109 quando
569 2022 598 2090 si
613 2022 708 2108 sapia
718 2032 789 2089 star
800 2020 946 2090 Venetia
961 2041 1045 2088 sana
1056 2032 1090 2090 et
1101 2021 1145 2088 da
1156 2021 1290 2108 podersi
1305 2033 1431 2102 conat,
1444 2023 1501 2088 del
1513 2023 1582 2088 che

359 2138 547 2226 supplicos
564 2139 607 2205 V.
623 2140 663 2204 P.
679 2137 725 2202 mi
741 2136 851 2204 faccia
861 2137 1023 2220 aduertit,
1036 2158 1059 2203 o
1069 2138 1114 2204 da
1125 2139 1245 2219 Roma,
1259 2159 1281 2204 o
1291 2138 1335 2204 da
1347 2137 1503 2218 Venetia,
1517 2159 1582 2223 per

360 2255 408 2342 gli
421 2251 540 2320 nostri.
553 2254 602 2322 Le
613 2253 729 2339 parole
741 2261 838 2319 tanto
850 2251 1053 2322 charitatiue
1059 2251 1095 2318 di
1104 2253 1148 2320 V.
1162 2254 1202 2319 P.
1211 2273 1266 2319 me
1277 2253 1311 2320 sa
1322 2252 1395 2341 [sic]
1407 2252 1550 2320 inclinar
1561 2275 1584 2318 a

361 2371 494 2437 Roma·
507 2390 569 2455 per
584 2379 655 2435 star
670 2368 785 2434 conia
802 2369 842 2434 P.
862 2368 920 2448 V.,
938 2375 973 2434 et
988 2387 1043 2434 ser
1054 2366 1199 2453 sepelito
1209 2389 1272 2435 con
1286 2367 1391 2434 nostri
1403 2368 1511 2454 padri,
1525 2369 1582 2434 del

361 2486 428 2553 che
448 2485 576 2550 tratard
596 2483 702 2552 sendo
721 2482 757 2548 in
773 2481 933 2566 Venetia,
951 2503 1017 2548 con
1035 2482 1070 2548 la
1090 2481 1201 2569 gratia
1221 2483 1276 2551 del
1295 2482 1431 2570 Signor,
1448 2483 1588 2550 benche

362 2619 495 2685 sempre
511 2597 630 2664 dubito
645 2597 679 2663 di
695 2608 793 2684 poter
807 2597 969 2664 caminar.
987 2597 1015 2664 ss
1030 2596 1157 2684 Signor
1171 2597 1337 2686 agiutard.
1357 2599 1403 2667 Se
1413 2619 1517 2684 posso
1531 2601 1584 2666 far

362 2712 556 2781 altrimente
571 2716 635 2780 che
649 2711 772 2799 piglier
787 2712 810 2778 il
825 2712 950 2781 viatico
964 2713 1022 2781 del
1037 2713 1150 2781 Padre
1164 2712 1362 2800 prouincial,
1375 2713 1410 2780 lo
1424 2711 1584 2780 desidero

364 2827 428 2908 lar,
441 2838 477 2894 et
493 2849 560 2894 non
572 2826 727 2914 pigliarlo
736 2827 753 2870 b
763 2828 806 2893 da
816 2825 864 2892 lui
876 2847 984 2893 senon
996 2825 1030 2893 in
1043 2827 1211 2896 necessita
1225 2837 1251 2909 ⁰,
1266 2847 1364 2898 come
1374 2829 1477 2896 credo
1488 2849 1584 2898 esser

362 2945 396 3010 la
415 2942 556 3009 voluntd
577 2942 612 3008 di
631 2944 675 3009 V.
695 2943 735 3010 P.
758 2942 785 3009 Il
806 2943 846 3009 P.
865 2942 1044 3010 Zonhouio
1056 2945 1082 3024 ¹,
1105 2943 1174 3010 mio
1194 2964 1397 3032 compagno,
1414 2945 1542 3012 andare
1561 2965 1584 3011 a

364 3057 511 3126 Fiandra
520 3077 585 3124 con
594 3059 627 3125 le
636 3056 777 3144 imagini
787 3068 822 3124 et
831 3058 952 3140 scritti,
962 3059 1095 3127 benche
1106 3079 1177 3126 non
1187 3079 1226 3126 so
1237 3081 1276 3128 se
1285 3059 1318 3126 le
1330 3080 1410 3128 cose
1420 3069 1586 3126 staranno

363 3174 489 3255 sicure,
503 3171 605 3242 etiam
620 3194 685 3240 con
701 3183 822 3258 questa
837 3194 933 3260 pace.
953 3171 1111 3241 Plantino
1123 3195 1260 3261 sapemo
1272 3176 1336 3242 che
1347 3173 1366 3242 ὲ
1377 3183 1466 3241 stato
1478 3195 1585 3262 gran-

363 3288 523 3358 demente
539 3288 730 3355 maltratato
745 3289 802 3356 nel
817 3309 896 3355 saco
913 3287 948 3354 di
967 3290 1118 3370 Anuers‚
1137 3300 1171 3356 et
1187 3310 1255 3355 non
1271 3288 1300 3356 si
1315 3311 1353 3356 sa
1373 3311 1410 3358 se
1425 3287 1588 3376 ripiglard

365 3405 396 3470 la
412 3414 544 3489 stampe
559 3403 593 3469 in
611 3403 784 3470 Flandres.
805 3405 870 3470 Era
888 3402 936 3470 ito
952 3425 972 3470 a
989 3403 1086 3470 Paris
1101 3402 1192 3472 doue
1210 3406 1256 3471 ha
1276 3406 1401 3491 botega
1415 3427 1438 3491 y
1453 3425 1500 3470 vn
1516 3405 1588 3472 fra-

366 3517 460 3586 tello.
479 3519 505 3584 ll
521 3517 649 3604 Signor
665 3517 822 3604 guidard,
841 3528 876 3586 et
892 3524 1005 3585 tamen
1021 3517 1068 3601 io,
1082 3539 1181 3586 como
1193 3521 1240 3585 ho
1255 3517 1359 3588 molte
1369 3519 1459 3586 volte
1475 3518 1586 3606 signi-

365 3631 480 3712 ficat0,
498 3653 567 3699 non
582 3655 645 3699 son
665 3633 828 3701 inclinato
849 3656 869 3700 a
889 3645 1010 3719 questa
1029 3644 1172 3721 stampe.
1192 3634 1289 3704 Seria
1304 3633 1373 3701 mio
1393 3655 1589 3722 compagno

365 3771 386 3816 a
401 3747 574 3836 proposito
589 3770 649 3834 per
665 3749 697 3815 la
712 3749 960 3836 penitentiaria.
979 3751 1024 3820 Sa
1047 3749 1134 3817 bene
1150 3749 1283 3818 frances
1298 3761 1333 3819 et
1348 3750 1532 3836 flamengo,
1550 3761 1586 3818 et

366 3873 480 3949 presto
495 3867 593 3950 potrit
608 3865 781 3931 confessar
802 3863 945 3932 tudesci.
971 3867 1039 3932 Par
1054 3864 1070 3908 ⁶
1084 3886 1154 3933 non
1174 3865 1222 3952 gli
1243 3884 1363 3934 manca
1382 3863 1587 3933 sufficientia

365 3999 425 4066 per
440 3979 626 4046 habilitarsi
642 3979 677 4046 in
693 3979 910 4048 confessioni.
930 3982 973 4048 V.
994 3984 1034 4049 P.
1048 3982 1171 4062 vedda,
1185 3983 1250 4048 che
1262 4001 1322 4068 per
1334 4002 1388 4049 rne
1403 4001 1510 4067 penso
1521 3981 1591 4048 che

368 4121 565 4133 ¹——

418 4194 435 4228 ⁸
463 4185 481 4240 6
494 4187 585 4241 verba
598 4203 683 4260 seqq.
700 4203 787 4258 supra
800 4203 878 4241 vers.
892 4183 1003 4242 addidit
1016 4183 1135 4240 N.-b2
1149 4185 1239 4241 verba
1251 4201 1333 4258 seqq.
1347 4201 1435 4258 supra
1448 4201 1526 4241 vers.
1541 4183 1592 4240 ad·

366 4271 443 4330 didit
455 4273 528 4330 N.-
539 4273 583 4329 ²8
601 4277 692 4331 verba
709 4293 792 4347 seqq.
810 4291 898 4348 supra
915 4283 947 4330 et
963 4273 1036 4330 infra
1054 4290 1131 4330 vers.
1150 4271 1262 4330 addidit
1278 4273 1334 4343 N.‚
1352 4273 1460 4330 deletis
1476 4271 1595 4330 alite.-

367 4364 383 4407 d
397 4365 462 4420 Hoc
475 4364 558 4420 verb.
571 4381 659 4436 supra
672 4381 750 4420 vers.
764 4363 876 4419 addidit
888 4363 925 4418 N.

421 4516 429 4549 ¹
468 4519 511 4572 Ex
534 4515 724 4587 autographo,
746 4513 777 4570 in
799 4513 897 4586 Epist.
917 4513 1034 4584 Nalad,
1053 4514 1093 4586 11,
1115 4513 1225 4586 duplici
1246 4513 1309 4579 iol„
1332 4512 1384 4583 256
1402 4513 1489 4584 (178).
1514 4513 1596 4570 Vide

365 4604 453 4676 epist.
467 4603 532 4678 ⁶13,
545 4605 592 4661 cui
604 4605 677 4659 haec
689 4602 858 4676 respondet.

417 4697 429 4729 ¹
465 4696 594 4766 Joannes
606 4692 786 4750 Zonhovius.
801 4689 877 4748 Vide
891 4689 977 4765 epist.
991 4687 1055 4748 603.
