3322 5370
514 501 549 542 20
569 487 743 544 Frnauaau
762 487 830 558 1567
1197 490 1250 564 375

86 637 161 716 sarii,
177 639 238 706 che
253 639 471 708 dolcemente
498 651 532 709 et
552 661 618 706 con
640 650 781 727 paterna
807 638 937 708 charita
963 641 1050 709 siino
1077 643 1193 710 ridotti
1221 647 1287 712 alla

88 753 194 818 rarione
206 754 294 820 detta
308 753 426 823 chiesa
445 765 553 822 santa.
573 756 713 840 Quanto
736 777 755 822 a
778 755 881 840 quelli
901 757 944 825 de
963 757 1020 823 chi
1040 758 1135 826 scrisi
1157 761 1200 825 da
1217 761 1286 827 As·

89 869 268 956 cheuburg,
283 871 305 936 e
319 869 387 936 ben
403 870 549 936 alehuna
565 891 660 950 cosa,
678 871 804 956 perche
822 870 926 956 quelli
945 874 1009 938 che
1029 894 1097 939 non
1119 895 1203 940 sono
1228 874 1287 940 tali

87 985 274 1068 simpliciter,
286 984 426 1053 intendo
438 985 467 1052 si
479 969 616 1072 possino
633 987 809 1066 assoluer’,
823 1008 878 1052 ma
889 986 970 1054 nelli
985 988 1043 1055 tali
1059 990 1170 1056 ecosa
1181 989 1287 1055 molto

26 1155 28 1188 5
89 1100 170 1180 forte,
186 1112 220 1168 et
234 1101 323 1167 neila
343 1101 444 1186 quale
463 1100 615 1168 militano
635 1100 694 1187 piir
714 1101 746 1169 le
769 1100 925 1187 raggioni
945 1103 1010 1170 che
1030 1101 1063 1168 io
1084 1105 1133 1169 ho*
1152 1103 1283 1170 scritto.

26 1193 27 1200 ἵ
87 1213 107 1279 ss
128 1213 267 1301 Siguore
285 1215 459 1301 prouedda
480 1237 576 1282 come
597 1215 743 1302 miglior’
760 1215 834 1297 sia;
856 1237 919 1281 nos
938 1216 1028 1282 nihil
1054 1219 1285 1302 poterimusa

86 1330 128 1394 uei
142 1331 313 1412 facimus,
332 1332 405 1396 nisi
424 1332 512 1418 quod
531 1331 572 1397 da
592 1333 669 1397 iure
683 1332 884 1416 poterimus.
903 1332 943 1400 L'
962 1331 1080 1398 ordine
1100 1332 1135 1399 di
1156 1334 1285 1400 contri-

85 1444 164 1513 buire
177 1467 236 1532 per
253 1447 284 1514 la
299 1467 378 1514 casa
394 1447 437 1514 de
456 1445 590 1528 nouifii,
613 1448 658 1513 ho
678 1447 857 1529 emendato
877 1449 912 1514 io
932 1468 979 1513 uu
995 1467 1081 1533 poco
1102 1447 1137 1514 in
1158 1448 1286 1516 Herbi·

84 1559 150 1644 poli,
165 1571 198 1627 et
213 1562 408 1628 mandatolo
422 1561 487 1630 alla
503 1564 543 1629 P.
564 1562 607 1628 V.
626 1562 670 1629 da
684 1561 799 1647 Spira,
817 1582 854 1628 se
874 1563 941 1628 ben
962 1561 1008 1627 mi
1028 1561 1173 1645 ricord0‚
1191 1573 1227 1629 et
1250 1563 1285 1628 in
1342 1593 1345 1602 ·

85 1675 152 1760 ogni
171 1687 293 1745 euento
312 1676 441 1743 andara
461 1698 528 1742 con
549 1687 680 1762 questa.
707 1677 750 1742 Et
773 1673 935 1762 mi'piace
958 1680 1022 1745 che
1045 1678 1198 1745 contenti
1221 1678 1287 1746 alla

87 1791 117 1856 P.
133 1791 184 1871 V.;
201 1791 323 1876 perche
340 1791 453 1876 quella
472 1791 635 1857 difficolta
650 1793 714 1858 che
731 1790 776 1873 ia,
793 1790 880 1871 cicc,
897 1794 962 1858 che
977 1793 1114 1876 quando
1130 1813 1189 1877 per
1204 1793 1287 1878 ogni

87 1905 212 1992 collegio
226 1905 290 1972 fusi
306 1906 330 1974 ii
345 1927 490 1975 numero
504 1906 658 1986 definito,
676 1905 710 1972 di
725 1906 839 1989 quello
852 1909 917 1974 che
932 1905 1110 1986 auanzasi,
1131 1905 1161 1972 si
1182 1907 1285 1974 facesi

87 2023 214 2087 anchora
232 2020 496 2102 contributione,
519 2019 569 2101 io,
592 2021 719 2102 Padre,
742 2019 881 2089 intendo
897 2021 981 2101 cosi,
1001 2022 1066 2087 che
1093 2022 1238 2088 essendo
1262 2021 1285 2086 il

87 2155 209 2204 numero
222 2135 375 2218 definito,
393 2157 461 2202 non
478 2139 522 2204 ha
533 2135 578 2202 da
589 2139 708 2202 restar’
726 2135 842 2203 niente
853 2156 874 2201 o
885 2155 984 2221 poco,
1001 2135 1035 2200 d'
1053 2134 1078 2201 il
1093 2136 1157 2205 che
1172 2157 1241 2202 non
1253 2139 1283 2202 s'

85 2251 119 2316 ha
131 2272 148 2316 a
162 2253 221 2318 iar’
235 2261 350 2318 conto.
369 2253 413 2318 Et
429 2251 530 2320 etiam
546 2253 610 2320 che
625 2250 692 2318 iusi
708 2250 854 2318 alchuna
869 2270 954 2337 poca
966 2272 1111 2332 summa,
1129 2251 1159 2318 si
1174 2253 1281 2319 doue-

84 2365 170 2434 rebbe
183 2366 391 2434 dissimulare
406 2387 467 2452 per
486 2365 691 2434 commodita
710 2366 753 2433 de
772 2365 906 2452 collegii
927 2377 961 2434 et
983 2365 1217 2434 consolatione
1239 2366 1284 2432 de

84 2480 192 2562 rettori,
208 2493 241 2551 et
255 2483 382 2568 perche
397 2481 553 2570 sogliono
568 2484 672 2550 esser'
691 2484 749 2548 un’
767 2502 857 2549 anno
873 2480 1042 2568 maggiori
1054 2481 1281 2548 estraordina-

84 2593 114 2658 rii
126 2597 183 2664 che
196 2601 252 2664 un'
270 2598 369 2664 altro:
386 2601 543 2663 ettamen
558 2599 604 2662 ho
620 2595 677 2682 gia
692 2597 771 2662 dato
787 2594 906 2664 ordine
918 2596 950 2661 al
962 2597 1048 2662 Mro.
1065 2595 1204 2663 Canisio
1217 2598 1283 2663 che

84 2711 155 2777 uada
168 2733 201 2780 se
219 2712 277 2779 sib
296 2733 459 2798 possono‚
482 2712 630 2780 secondo
652 2713 716 2777 che
740 2711 772 2776 la
797 2709 992 2797 esperienza
1015 2712 1223 2790 muostrara,
1246 2708 1282 2776 in

84 2825 151 2910 ogni
165 2827 302 2916 collegio
316 2837 508 2894 sustentare
523 2826 582 2913 pid
597 2828 641 2894 de
657 2825 759 2912 quelli
775 2829 839 2894 che
854 2846 938 2892 sono
956 2824 1131 2892 nominati.

138 2959 166 3022 7.
207 2944 367 3011 Secoudo
381 2944 447 3010 che
461 2942 494 3008 la
511 2945 550 3010 P.
570 2943 612 3009 V.
631 2941 799 3028 significa,
821 2942 848 3006 ε’
864 2940 993 3008 hauera'a
1007 2939 1279 3010 consideratione

84 3053 110 3118 in
124 3059 260 3125 maudar'
280 3068 385 3144 gente
400 3079 420 3124 a
435 3059 553 3124 Roma.
570 3057 605 3124 Io
621 3061 746 3138 tomen,
761 3056 884 3135 Padre,
898 3075 967 3121 non
984 3055 1029 3120 mi
1046 3055 1179 3122 ricordo
1194 3053 1250 3121 chi
1265 3056 1286 3120 ὁ

83 3171 176 3252 quello
186 3177 300 3241 Marco
314 3175 338 3256 ¹,
351 3170 549 3253 viennense;
566 3174 611 3237 ho
622 3182 762 3257 pensato
774 3172 838 3237 che
850 3171 940 3237 forse
953 3174 1028 3238 sara
1044 3170 1210 3256 aggionto
1224 3191 1286 3254 per

83 3286 231 3369 lustratia,
249 3311 270 3356 ο
285 3309 352 3355 con
368 3287 472 3373 quelli
487 3290 552 3354 che
568 3287 601 3354 io
616 3285 749 3355 mandai
766 3284 886 3373 prima,
904 3307 1001 3352 ocon
1019 3287 1190 3354 Marchez.
1206 3287 1286 3352 Mu-

84 3421 174 3469 ramer
183 3403 210 3470 si
221 3403 347 3470 mando
359 3425 418 3488 per
429 3401 535 3469 buoni
547 3401 680 3488 rispetti
692 3401 728 3468 in
739 3399 1012 3487 peregrinatione
1025 3409 1236 3486 puramente,
1246 3409 1281 3464 et

84 3535 168 3583 senza
181 3520 309 3600 lettere,
324 3530 360 3588 et
375 3521 439 3588 che
452 3517 622 3600 ritomasi,
636 3537 674 3584 se
686 3515 743 3603 gia
755 3536 824 3582 non
836 3517 869 3582 lo
882 3513 1015 3583 uuoiesi
1028 3514 1165 3581 ritener'
1180 3514 1224 3579 V.
1241 3515 1282 3578 Ρ.

87 3630 173 3702 Lucio
186 3635 214 3702 si
228 3633 354 3702 mando
368 3654 430 3721 per
445 3632 614 3702 necessita
629 3643 792 3712 extrema,
810 3631 842 3698 al
858 3629 926 3697 mio
947 3628 1111 3717 giudicio,
1129 3647 1194 3694 con
1210 3628 1286 3692 dar'

86 3749 239 3836 raggione,
255 3761 323 3819 etc.
341 3748 519 3820 Ludouico
534 3769 661 3834 sapeua
677 3747 710 3814 io
725 3748 814 3816 bene
829 3749 894 3815 che
908 3768 978 3812 non
993 3748 1129 3813 haueua
1140 3754 1285 3810 conten-

87 3871 153 3946 tato,
164 3876 197 3933 et
208 3887 267 3952 per
279 3875 402 3950 questo
417 3863 464 3930 mi
480 3885 592 3931 mosse
607 3861 677 3949 piri,
691 3862 841 3948 sapendo
857 3865 921 3930 che
937 3884 994 3930 era
1010 3860 1135 3940 habile,
1154 3880 1173 3924 a
1188 3879 1287 3924 man-

86 3975 161 4046 darlo
170 4001 232 4048 con
243 4002 409 4067 speranza
420 3982 484 4046 che
495 3982 522 4045 s'
534 3978 731 4046 aiutarebbe
742 3978 795 4044 la⁰
807 4001 814 4044 :
828 3999 899 4043 non
911 3997 1037 4063 sapeua
1047 3981 1159 4040 tamen
1168 3973 1286 4058 quello

85 4090 203 4162 deMro.
225 4095 376 4164 Canisio.
399 4095 512 4163 Gioan
532 4093 733 4174 viennense,
751 4091 887 4159 mandai
907 4112 968 4178 per
988 4093 1091 4158 esser'
1110 4088 1287 4176 deplorato

84 4225 129 4288 per
141 4209 172 4274 di
186 4232 262 4298 qua,
281 4233 341 4298 per
357 4209 622 4298 esperimentare
638 4231 675 4278 se
690 4208 720 4275 si
734 4207 887 4295 puotessi
898 4206 1034 4286 aiutar'‚
1053 4216 1087 4273 et
1103 4227 1123 4271 a
1139 4203 1237 4290 piede
1249 4201 1285 4268 in

85 4325 256 4344 '‘Q—

126 4386 139 4418 Ι
162 4376 295 4452 Sequitur
313 4379 376 4434 nisi
391 4379 471 4450 quod
487 4377 674 4434 obliteratum
691 4393 708 4432 a
725 4376 853 4432 libr-b
867 4375 933 4430 Hoc
951 4375 1033 4430 verb.
1054 4372 1185 4428 additum
1205 4379 1251 4427 est
1271 4387 1290 4426 a

86 4461 141 4520 un.
155 4484 236 4540 cupra
248 4479 385 4525 vers-c
396 4480 414 4537 7
428 4469 519 4523 verba
531 4483 613 4540 seqq.
629 4466 659 4522 in
672 4481 767 4537 marg.
785 4464 898 4520 addidit
911 4462 981 4519 libr.

89 4559 259 4576 Ἢ

133 4603 139 4634 ¹
172 4602 242 4658 Vide
254 4603 342 4676 epist.
356 4601 420 4672 434,
433 4621 466 4660 n.
481 4613 506 4670 1,
520 4610 619 4657 annot.
631 4619 661 4666 a,
672 4600 722 4656 ubi
733 4617 819 4671 supra
830 4614 936 4654 nomen
947 4598 1138 4662 Hieronimo,
1149 4595 1290 4668 scriptum

90 4681 250 4757 turitano,
263 4691 341 4765 quod
354 4691 430 4747 sorte
443 4690 571 4762 explicat
581 4689 694 4744 Natalis
703 4687 892 4756 oblivionem,
903 4688 942 4742 ob
952 4686 1078 4742 nominis
1089 4685 1292 4742 mutationem.
