3318 5376
504 510 741 567 16D130Ettnms
763 511 831 580 1566
1196 514 1249 586 355

84 664 154 744 dosi,
168 685 294 749 sempre
310 665 441 730 restara
456 662 489 729 la
505 664 545 730 P.
564 663 606 730 V.
623 661 657 728 in
674 662 794 730 liberta
808 663 843 730 di
861 665 933 734 fare
954 667 1067 751 quello
1087 669 1150 736 che
1173 667 1198 734 li
1220 690 1283 755 pa-

87 784 145 848 reri
158 781 191 844 in
205 779 365 844 Domina.

140 913 166 962 2.
209 895 275 960 Per
300 893 481 960 occasione
508 893 564 962 del
591 891 644 961 2.⁰
671 893 801 974 scritto,
831 906 867 962 et
890 899 1011 978 anche,
1036 899 1157 979 Padre,
1181 920 1285 967 senza

90 1009 240 1076 occasione
254 1007 290 1075 di
305 1008 432 1094 quello,
451 1007 564 1075 uorrei
579 1009 692 1078 chela
708 1011 748 1076 P.
767 1011 810 1077 V.
829 1010 876 1075 mi
896 1010 1058 1093 scriuese,
1080 1033 1118 1081 se
1141 1013 1176 1078 in
1199 1013 1285 1080 Ala-

89 1123 200 1211 magnia
211 1121 356 1192 sarebbe
371 1123 487 1189 buono
502 1143 571 1188 non
586 1133 722 1210 portare
737 1123 761 1189 li
776 1124 882 1190 nostri
898 1125 921 1191 li
938 1126 1132 1195 uestimenti
1149 1130 1213 1197 che
1228 1151 1287 1197 so-

88 1238 181 1324 gliono
195 1238 228 1304 in
242 1237 350 1318 ltalia,
369 1259 405 1304 se
422 1259 492 1304 non
511 1239 576 1304 che
591 1238 774 1307 uestesimo
791 1240 870 1307 tutti
885 1241 914 1308 si
929 1241 1066 1310 comeli
1086 1242 1158 1329 pari
1180 1245 1287 1310 nostri

88 1355 203 1422 secolari
216 1353 351 1423 honesti
368 1363 590 1420 acostumano
606 1375 627 1419 a
641 1353 793 1422 verstirsi
814 1364 842 1437 ⁸3
860 1358 986 1441 perche
1001 1359 1086 1426 oltre
1101 1357 1136 1423 di
1152 1357 1205 1426 cio
1222 1360 1287 1429 che

86 1468 182 1536 sidioe
195 1471 282 1536 nella
296 1467 388 1535 bolla
404 1477 439 1535 et
454 1467 545 1536 nelle
563 1467 810 1552 constitutioni,
834 1470 1009 1556 pensiamo
1028 1483 1123 1541 certo
1143 1476 1207 1542 che
1230 1496 1284 1542 sa·

87 1583 168 1652 rebbe
181 1582 357 1670 maggiore
372 1582 588 1652 edificatione
603 1582 682 1651 delli
702 1584 871 1666 catholici,
894 1596 929 1652 et
952 1608 1074 1654 manco
1099 1588 1287 1658 ofsensione

86 1699 146 1765 delli
159 1699 357 1798 aduersarij3
376 1708 411 1765 et
426 1699 498 1766 cosi
513 1697 714 1767 desiderano
729 1700 841 1785 questi
857 1701 1000 1788 principi
1020 1704 1153 1770 elettori
1174 1706 1287 1774 eccle·
1357 1696 1360 1702 ’

86 1815 199 1896 siastici,
216 1817 285 1881 imo
300 1814 337 1881 in
353 1815 498 1899 qualche
514 1825 609 1901 parte
624 1816 658 1884 lo
678 1837 824 1883 seruano
845 1817 915 1904 gia,
940 1839 1001 1903 per
1027 1819 1168 1886 hauerlo
1190 1820 1286 1888 detto

87 1931 136 1998 ess'
149 1930 200 1998 alli
214 1930 323 1998 nostri
341 1929 454 1996 Padri.
478 1931 594 2010 Certo,
618 1930 740 2012 Padre,
762 1933 827 2000 che
850 1934 992 2001 sarebbe
1020 1955 1106 2019 gran
1130 1936 1286 2004 consola-

88 2045 158 2114 tione
170 2056 291 2132 questa
306 2045 351 2114 de
367 2044 460 2125 tutti,
477 2067 515 2112 se
531 2043 561 2111 si
575 2055 718 2132 puotese
731 2048 814 2115 sare:
828 2048 861 2114 la
873 2050 914 2114 P.
929 2050 973 2116 V.
987 2069 1042 2114 me
1058 2048 1091 2115 lo
1103 2049 1190 2116 sacci
1202 2050 1289 2116 scri-

88 2181 149 2229 uere
162 2183 218 2247 per
233 2160 257 2226 il
273 2159 396 2246 primo.
414 2162 536 2227 Ionon
556 2158 675 2226 dubito
691 2159 726 2228 in
743 2173 865 2247 questo
880 2164 943 2228 che
959 2162 988 2228 si
1009 2163 1100 2249 possi
1123 2165 1207 2246 fare5
1232 2187 1288 2232 ma

86 2279 246 2348 hauendosi
262 2288 402 2347 seruato
419 2276 520 2343 insin'
538 2278 661 2345 adesso
674 2277 759 2343 altra
774 2297 866 2358 cosa,
881 2299 950 2343 non
961 2279 1007 2344 ho
1018 2279 1138 2346 voluto
1150 2291 1285 2348 mutare

85 2415 165 2463 senza
178 2395 365 2463 consultar'
381 2395 415 2460 la
431 2395 473 2460 P.
492 2393 535 2459 V.
554 2412 677 2458 senon
693 2391 782 2458 doue
797 2413 867 2458 non
883 2393 902 2458 ὲ
918 2391 1115 2475 introdotto,
1133 2397 1197 2462 che
1213 2397 1232 2462 ὲ
1248 2394 1283 2460 in

86 2509 173 2598 Spita,
189 2533 248 2597 per
263 2511 298 2577 la
313 2506 482 2576 necessita
497 2517 533 2574 et
548 2506 706 2593 raggioni
721 2509 785 2575 che
800 2509 846 2573 ho
861 2507 956 2574 detto
980 2509 1002 2574 ¹.

136 2647 163 2710 3.
206 2628 245 2693 ln
262 2633 353 2692 tutte
367 2625 400 2690 le
416 2620 607 2690 fundationi
622 2622 665 2688 de
680 2621 793 2706 questi
807 2621 941 2709 collegij
964 2626 1010 2688 m’
1032 2643 1171 2691 occorre
1196 2646 1288 2691 sem-

86 2763 132 2826 pre
149 2742 292 2809 alchuna
314 2739 476 2805 difficolt&
496 2735 586 2803 circa
608 2736 641 2804 la
663 2736 858 2823 prouisione
885 2739 928 2806 de
951 2737 1129 2824 suppositi,
1153 2741 1287 2807 benche

89 2861 208 2924 nmcho
222 2858 258 2922 in
273 2865 398 2940 questo
413 2851 558 2940 collegio
574 2854 639 2921 che
654 2852 735 2920 nelli
750 2852 839 2934 altri3
863 2863 897 2921 et
919 2859 1031 2920 lamen
1052 2856 1097 2921 ho
1124 2875 1287 2940 speranza

88 2973 136 3041 che
147 2973 167 3038 il
181 2972 329 3059 Signore
345 2970 492 3050 aiutara3
510 2979 545 3037 et
560 2970 607 3035 m'
625 2989 776 3050 occorre,
794 2970 858 3035 che
874 2991 943 3035 non
963 2968 1166 3055 pigliandosi
1186 2971 1287 3038 nisun

88 3087 207 3174 collegio
220 3086 281 3174 piu
296 3085 332 3152 in
348 3083 534 3152 Germania
549 3105 610 3170 per
625 3083 750 3151 alchun
766 3094 891 3169 tempo,
909 3085 1059 3151 secondo
1070 3084 1092 3150 il
1109 3097 1211 3152 conto
1223 3088 1287 3152 che

88 3203 231 3284 possiamo
248 3203 334 3283 Iare,
352 3221 422 3266 non
437 3200 668 3267 mancherano
684 3197 839 3284 operarij.
859 3199 903 3265 Et
918 3199 1005 3269 oltre
1020 3200 1055 3266 di
1078 3200 1132 3268 cio
1155 3204 1229 3267 sara
1252 3201 1287 3266 di

88 3315 220 3404 bisognio
235 3338 307 3384 non
327 3317 390 3382 far'
414 3311 566 3380 missioni
586 3333 647 3399 per
668 3311 813 3398 qualche
838 3327 963 3400 tempo;
990 3325 1025 3382 et
1047 3314 1287 3400 specialmente

87 3429 223 3500 aiutando
238 3434 274 3498 la
290 3433 331 3497 P.
351 3431 396 3496 V.
420 3430 465 3496 da
484 3431 605 3511 Roma,
627 3426 670 3494 de
690 3426 883 3514 philosophi
902 3439 937 3496 et
961 3429 1123 3516 theologi,
1149 3429 1172 3494 li
1195 3430 1287 3516 quali

89 3549 219 3616 vehendo
234 3547 271 3614 in
286 3543 474 3614 Germania
489 3543 534 3609 ad
550 3548 681 3628 tempus
696 3563 757 3628 per
771 3543 903 3629 legger’
918 3553 1040 3628 quatro
1055 3565 1075 3610 o
1088 3544 1211 3631 cinque
1224 3566 1287 3610 an-

91 3661 126 3740 ni,
148 3685 209 3730 non
235 3663 389 3750 perdono
414 3659 547 3738 niente,
576 3656 653 3724 anzi
669 3657 921 3744 ‘guadagniano
947 3658 1218 3727 essercitandosi.
1243 3661 1286 3725 Et

93 3787 168 3846 staua
181 3779 366 3866 pensando,
386 3776 508 3855 Padre,
526 3773 555 3840 si
572 3771 746 3841 deuesimo
763 3794 924 3842 reuocare
936 3774 1038 3860 quelli
1051 3776 1093 3842 de
1105 3777 1132 3842 F
1133 3777 1286 3842 rancfor-

93 3890 144 3972 dia,
168 3896 252 3964 done
277 3893 425 3962 essendo
449 3901 544 3958 tanto
567 3887 681 3976 pochi,
707 3910 776 3955 non
797 3888 825 3956 si
846 3890 915 3976 pud
934 3911 1072 3958 seruare
1095 3889 1283 3976 disciplina,

92 4009 144 4072 etb
158 4013 243 4077 nulla
254 4028 421 4096 speranza
431 4008 486 4073 c'e
500 4007 545 4073 de
559 4004 683 4071 fundar
698 4004 858 4091 collegio.
876 4003 991 4090 Quelli
1003 4008 1152 4072 anchora
1163 4003 1287 4090 cinque

93 4123 159 4191 osei
172 4125 306 4212 operarij
324 4123 360 4190 di
377 4120 521 4207 Phrysia
536 4119 564 4186 si
581 4120 819 4206 puotrebbono
836 4141 1011 4200 reuocare,
1029 4122 1154 4207 perche
1169 4141 1238 4187 non
1260 4121 1288 4188 si

92 4239 159 4306 uode
172 4244 312 4309 anchora
327 4259 493 4326 speranza
508 4235 542 4303 di
560 4235 747 4303 fundation'
768 4235 922 4302 nissuna.
942 4236 1024 4305 Solo
1047 4237 1083 4303 fu
1106 4235 1130 4301 il
1154 4237 1289 4304 feruore

95 4373 261 4392 Q—

132 4451 144 4484 Ι
168 4443 221 4514 ste,
233 4443 336 4517 partim
351 4441 539 4498 emendatum
552 4457 569 4496 a
583 4439 622 4495 N.
639 4456 675 4494 ex
686 4439 930 4496 varnasona—b
941 4439 1080 4513 Sequitur
1089 4457 1150 4496 non
1161 4441 1201 4497 c'i
1216 4439 1291 4496 obli·

93 4531 210 4589 tentum.

98 4651 266 4669 Q—

137 4715 145 4748 ¹
176 4721 244 4778 Vide
257 4720 383 4796 append.
398 4718 495 4776 XLIII
508 4726 539 4774 et
551 4715 645 4773 XLV.
