3404 5380
814 477 918 532 Erras.
938 476 972 530 P.
993 475 1196 546 Narona-432

724 755 765 820 P.
784 751 1096 820 HIERONYMUS
1119 751 1283 819 NADAL

644 883 823 944 saucro
848 882 1112 946 euaumsco
1136 885 1194 940 on
1218 883 1363 954 BORJA

493 995 621 1038 naneae
634 995 676 1038 or
688 995 883 1050 osunourn,
898 993 930 1050 15
943 993 1137 1040 serrauruus
1150 995 1191 1037 or
1203 994 1219 1050 5
1233 992 1389 1038 ocroonrs
1403 981 1471 1050 1566
1489 984 1511 1036 ¹.

388 1111 416 1152 1.
434 1095 598 1153 Tiruaoiae
608 1097 769 1171 collegium
780 1097 900 1164 hatrat,
913 1101 1115 1168 rectoremque
1125 1097 1251 1152 Petrum
1262 1096 1402 1152 Heruatln
1412 1096 1587 1151 renuntiat.
1597 1125 1623 1134 -

426 1199 454 1240 2.
472 1185 662 1240 Olomutium
679 1187 779 1242 venit:
795 1186 917 1258 collegii
933 1186 1071 1240 exordia.
1082 1215 1104 1224 -
1114 1201 1142 1255 3.
1164 1185 1332 1258 Progensis
1348 1185 1505 1258 inspectio:
1523 1185 1624 1255 magi·

422 1277 500 1328 stros
509 1281 568 1347 pro
581 1273 717 1348 collegiis
729 1274 875 1328 Paionion
884 1274 1033 1346 postulat:
1044 1274 1165 1329 itirreris
1176 1275 1226 1328 sui
1238 1275 1388 1328 rationem
1400 1290 1420 1326 a
1432 1273 1556 1346 Borgia
1566 1273 1624 1326 dis·

422 1363 498 1433 poni
510 1367 606 1436 optat.
616 1378 681 1431 —4.
699 1363 746 1418 De
759 1363 897 1436 catalogo
910 1363 1128 1419 mittendorum
1141 1363 1174 1417 in
1195 1361 1409 1418 Germaniam:
1425 1363 1626 1433 archiepisco·
1674 1358 1675 1408 l

423 1447 482 1522 pus
500 1453 664 1525 pragensis
685 1451 835 1506 Trebonae
853 1451 1015 1526 collegium
1032 1452 1156 1506 institui
1166 1453 1252 1507 enixe
1263 1449 1471 1524 efflagitat·
1475 1465 1508 1518 5.
1535 1449 1625 1504 Oeni-

421 1543 545 1611 poutem
562 1540 715 1613 pervenit:
737 1545 800 1596 octo
817 1541 890 1596 socii
907 1542 1005 1594 Roma
1022 1541 1108 1595 missi
1118 1539 1256 1611 feliciter
1276 1541 1477 1594 advenerunt:
1503 1536 1626 1594 Canisii

425 1645 494 1682 cum
507 1629 615 1684 Natali
627 1646 813 1703 congressus:
825 1629 975 1684 sociorum
988 1629 1172 1685 distributio:
1185 1628 1329 1684 Nicotaus
1343 1629 1447 1684 Salius
1459 1646 1531 1682 cum
1542 1627 1625 1681 novi·

427 1717 480 1772 tiis
499 1717 627 1772 Romam
650 1717 867 1773 mutilum-6.
888 1717 933 1773 De
951 1717 1072 1790 collegii
1088 1717 1270 1773 trebonensis
1286 1718 1475 1772 institutione
1497 1717 1624 1788 longius

428 1806 560 1862 disserit:
572 1812 604 1862 ut
616 1807 788 1863 coenobium
800 1805 974 1862 Casanooae
984 1807 1152 1863 trebouensi
1160 1807 1284 1880 collegio
1297 1811 1489 1872 annectatur,
1502 1807 1621 1860 suadet.

427 1908 490 1964 -7.
504 1895 637 1952 Lauoius
651 1896 848 1968 Oeuipontem
861 1895 999 1970 attingit.

466 2031 494 2082 1.
537 2016 637 2101 Jhus.
653 2014 759 2080 Molto
772 2012 856 2078 Rdo.
868 2013 979 2079 Padre
991 2023 1107 2080 nostro
1120 2013 1153 2079 in
1168 2013 1315 2080 Christo,
1327 2016 1399 2079 Pax
1410 2011 1540 2079 Christi
1552 2021 1616 2078 etc.
1675 2025 1676 2075 l

393 2128 548 2196 Essendo
564 2130 629 2195 che
644 2129 676 2195 le
693 2128 813 2195 lettere
828 2127 872 2193 da
887 2139 1008 2211 queste
1027 2127 1139 2196 bande
1156 2150 1216 2214 per
1235 2128 1267 2194 le
1286 2148 1367 2194 cose
1386 2127 1474 2194 della
1494 2146 1619 2213 guerra
1675 2099 1676 2122 l

351 2288 354 2298 .
395 2263 484 2308 vano
498 2241 734 2322 incertissima,
753 2255 787 2309 et
803 2264 873 2309 non
889 2243 1049 2310 hauendo
1067 2242 1101 2310 io
1118 2246 1266 2310 anchora
1287 2243 1343 2309 dal
1367 2253 1457 2308 tutto
1477 2242 1619 2308 risolute

391 2369 429 2424 et
448 2357 544 2423 finite
564 2358 595 2424 le
616 2377 696 2424 cose
718 2357 753 2423 di
778 2368 898 2443 questa
920 2357 1113 2443 prouincia,
1131 2380 1201 2425 non
1223 2357 1373 2424 scriuero
1395 2356 1431 2423 di
1454 2357 1569 2442 quelle
1591 2354 1620 2419 al

393 2472 503 2558 lungo
519 2473 584 2539 alla
601 2474 640 2538 P.
660 2473 719 2552 V.,
736 2472 857 2538 concio
872 2472 923 2538 sia
937 2476 1002 2539 che
1017 2473 1068 2539 fra
1083 2473 1139 2538 doi
1152 2471 1275 2559 giorni,
1290 2491 1354 2540 con
1367 2473 1400 2538 la
1411 2471 1530 2539 diuina
1541 2489 1619 2555 gra-

393 2585 453 2666 tia,
471 2608 578 2672 penso
595 2586 801 2672 partirmene
816 2588 849 2653 la
864 2588 957 2654 uolta
973 2588 1016 2656 de
1032 2589 1209 2674 Insprueh‚
1227 2586 1261 2652 di
1276 2589 1367 2656 doue
1383 2587 1442 2672 piir
1454 2587 1617 2653 distessa-

393 2711 511 2787 mente
519 2702 671 2770 scriuero
688 2705 739 2768 co'
758 2703 780 2767 l’
798 2702 892 2770 aiuto
907 2703 963 2768 del
979 2701 1138 2789 Signore:
1156 2703 1294 2788 passari)
1309 2723 1371 2788 per
1386 2703 1569 2770 Casanoua
1584 2707 1616 2765 et

392 2837 455 2903 per
470 2818 628 2885 Trebona
649 2838 708 2903 per
729 2817 845 2885 ueder'
863 2817 886 2883 il
908 2819 947 2884 P.
968 2817 1204 2904 Wolffgango,
1222 2817 1300 2884 etil
1323 2819 1363 2884 P.
1383 2816 1575 2885 Venoeslao
1589 2813 1611 2875 ¹.
1676 2793 1677 2804 ἒ

393 2931 478 3000 Diri>
493 2932 528 2997 in
544 2944 665 3016 questa
688 2933 910 3002 breuemente
933 2936 997 3002 che
1020 2935 1178 3001 hauendo
1202 2933 1337 3000 visitato
1359 2933 1382 2999 il
1404 2931 1553 3018 collegio
1575 2929 1614 2992 de

395 3046 540 3126 Vienna,
559 3067 656 3115 come
671 3046 729 3132 gia
749 3046 845 3132 scrisi
867 3049 932 3114 alla
949 3051 988 3114 P.
1008 3049 1067 3128 V.,
1086 3047 1186 3114 andai
1202 3048 1236 3114 in
1258 3047 1441 3132 Tyrnauia‚
1460 3048 1552 3113 douc
1567 3045 1613 3108 la-

392 3160 476 3227 sciai
491 3181 552 3250 per
566 3171 694 3229 rettore
709 3161 732 3227 il
748 3164 792 3228 D.
813 3161 927 3228 Pietro
944 3163 1095 3244 Hernat,
1113 3165 1282 3249 hungar03
1301 3174 1335 3228 et
1350 3162 1510 3229 hauendo
1527 3156 1615 3225 ordi-

392 3288 472 3342 nato
484 3277 516 3342 le
527 3296 608 3344 cose
620 3275 654 3342 di
667 3278 747 3363 quel
759 3275 907 3363 colegi0,
922 3276 1060 3343 ritornai
1075 3300 1132 3364 per
1147 3277 1311 3344 Possonio
1323 3287 1358 3344 et
1372 3277 1429 3342 udi
1440 3277 1473 3344 la
1484 3273 1616 3342 conses-

390 3387 468 3456 sion
488 3392 649 3476 generale
671 3392 727 3457 del
747 3392 882 3458 dottore
903 3391 1017 3460 Saidel
1034 3393 1058 3472 ³,
1081 3393 1273 3458 hauendolo
1293 3391 1426 3460 auisato
1452 3391 1561 3476 prima
1585 3385 1613 3452 al

391 3509 519 3590 passar'
537 3505 573 3570 in
590 3506 775 3591 Tyrnauia‚
795 3509 859 3575 che
875 3509 903 3572 s’
918 3506 1160 3593 apparechiasi.

460 3639 491 3687 2.
540 3624 594 3689 Da
611 3622 776 3689 Possonio
797 3621 898 3688 andai
921 3622 957 3688 in
985 3622 1161 3689 Olomutio
1181 3624 1249 3689 co’l
1270 3626 1310 3689 P.
1330 3621 1516 3690 Laurentio
1539 3639 1612 3706 pro·

391 3734 550 3817 uinciale‚
567 3736 591 3802 il
607 3737 707 3821 quale
723 3759 812 3804 uene
827 3757 893 3804 con
909 3757 963 3804 me
978 3735 1089 3804 insino
1104 3759 1125 3804 a
1142 3739 1253 3824 Praga
1270 3759 1278 3819 ;
1295 3748 1382 3804 etse
1401 3736 1479 3802 ben’
1498 3735 1534 3803 io
1556 3753 1611 3800 ero

390 3871 477 3936 poco
492 3850 655 3919 inclinato
671 3873 691 3918 a
707 3852 812 3936 quell'
824 3873 928 3938 opera
939 3851 975 3918 in
987 3863 1109 3937 questo
1121 3864 1246 3937 tempo,
1260 3851 1473 3919 considerate
1487 3845 1611 3937 imperi>

445 4058 453 4089 ¹
491 4055 535 4108 Ex
545 4056 715 4128 archetypo,
726 4073 743 4110 a
753 4055 887 4128 Jimenez
899 4064 1029 4128 exarato,
1041 4065 1071 4112 et
1083 4055 1195 4112 Natalis
1206 4073 1293 4110 manu
1303 4055 1470 4127 subscripto
1480 4061 1510 4108 et
1521 4066 1612 4109 emen·

387 4142 469 4206 dato,
483 4142 514 4196 in
527 4143 629 4216 Epist.
643 4143 761 4215 Natat,
775 4143 814 4215 11,
828 4143 939 4216 duplici
952 4143 1019 4216 ioh,
1038 4157 1087 4215 147
1102 4142 1178 4215 (153,
1194 4147 1269 4213 154).
1291 4143 1366 4198 Vide
1384 4141 1538 4215 epistolam
1554 4149 1612 4208 421»

391 4231 440 4286 cui
452 4231 526 4286 haec
539 4230 712 4304 respondet.

439 4323 451 4355 ¹
489 4320 591 4376 Patres
603 4319 798 4392 Woligangus
810 4322 900 4376 Maria
908 4319 1041 4392 Georgii,
1052 4321 1283 4376 etWenceslsus
1293 4319 1451 4376 sturmius.
1462 4318 1609 4376 Scumot.

385 4407 467 4464 Hist.
487 4409 580 4464 Prov.
603 4409 746 4478 Bolum„
765 4411 820 4466 lib.
842 4411 897 4482 111,
914 4428 967 4466 nn.
989 4411 1034 4480 45,
1054 4423 1101 4481 47,
1118 4410 1169 4482 qui
1185 4409 1223 4464 de
1242 4407 1420 4480 Woligango
1438 4407 1512 4464 haee
1528 4401 1611 4461 addit:

390 4497 518 4552 «Doctor
536 4496 753 4572 Wolffgangus
767 4500 876 4570 senior,
890 4515 948 4554 non
961 4500 1011 4554 ille
1024 4501 1079 4554 hoc
1092 4515 1168 4554 anno
1180 4505 1296 4554 creatus
1310 4496 1463 4562 Sacerdos,
1479 4491 1610 4551 sedatius

384 4587 581 4659 cognominis,
598 4587 688 4642 etiam
703 4587 766 4659 ipse
786 4589 880 4644 Tinae
895 4588 924 4643 in
943 4589 1088 4644 Bolumia
1102 4595 1212 4644 ortus.»

444 4675 455 4708 ³
492 4677 623 4746 Joannes
637 4675 753 4733 Seidel.
