3482 5386
445 550 499 605 810
875 555 978 610 Eprsr.
999 552 1031 608 P.
1053 551 1167 610 Nnom

397 703 464 856 gre
480 723 548 856 rign
561 713 689 808 ¹potete
713 707 785 772 fare
805 704 829 772 il
850 706 890 772 P.
910 705 1043 784 Natale,
1066 703 1101 770 in
1121 703 1218 770 fuora
1232 702 1268 770 di
1284 703 1388 787 quelli
1410 701 1444 769 di
1471 703 1583 770 Lione
1604 720 1637 773 et

429 811 496 856 ram
522 812 612 858 en...

980 961 1092 1028 LXIX

808 1090 1053 1149 STANISLAUS
1072 1090 1219 1149 HOSIUS

732 1228 871 1277 snucro
895 1227 1094 1276 Funucrsco
1118 1227 1164 1276 us
1188 1226 1302 1288 BORJA

681 1341 920 1430 Heilsbergae,
939 1360 981 1426 23
998 1340 1204 1409 Novembris
1223 1342 1306 1425 1568
1326 1343 1350 1409 ¹.

478 1471 682 1528 Laurentium
693 1475 844 1549 Magium,
857 1475 1001 1530 Austriae
1010 1473 1242 1546 provincialem,
1255 1473 1375 1534 laudat:
1390 1473 1562 1529 Henrieum

843 1563 1024 1635 Dionysium
1037 1561 1188 1634 postulat.

468 1677 554 1744 Rde.
572 1678 685 1745 Pater.
704 1678 783 1746 Fuit
805 1681 896 1766 apud
918 1700 980 1746 nos
1004 1681 1045 1746 R.
1064 1680 1103 1745 P.
1126 1677 1360 1764 prouincialis,
1384 1690 1483 1746 tanto
1503 1678 1625 1766 gratior

399 1763 569 1846 omnibuS,
584 1766 787 1850 quibuscum
803 1777 1026 1836 conuersatus
1037 1777 1102 1849 est,
1117 1776 1245 1852 quanto
1258 1767 1443 1834 maioribus
1453 1779 1508 1835 est
1521 1791 1541 1834 a
1552 1769 1621 1842 Deo

396 1853 596 1920 muneribus
613 1857 817 1923 cumulatus
837 1859 943 1938 Nam,
961 1867 1197 1942 praeterquam
1217 1856 1308 1940 quod
1325 1855 1377 1921 vir
1392 1869 1445 1923 est
1463 1877 1534 1922 non
1549 1856 1620 1920 vul-

399 1941 530 2027 gariter
544 1944 666 2010 doctus
683 1955 717 2012 et
734 1945 909 2031 eloquens
928 1945 1099 2012 excellens
1114 1943 1277 2011 iudicium
1295 1955 1329 2011 et
1345 1943 1526 2030 ingenium
1541 1943 1575 2010 in
1586 1965 1623 2010 eo

404 2029 578 2116 singulare
594 2032 710 2100 videre
727 2032 832 2100 licuit.
852 2035 984 2100 Vellem
1007 2055 1049 2100 eo
1070 2032 1199 2099 diutius
1222 2033 1289 2098 frui
1312 2031 1410 2098 nobis
1432 2032 1618 2100 licuisset¹.

406 2119 487 2203 Quo
498 2119 573 2186 loco
584 2143 639 2189 res
651 2120 706 2188 hic
718 2121 798 2202 sint,
812 2144 882 2188 non
895 2121 1015 2188 dubito
1026 2121 1108 2206 quin
1120 2143 1163 2189 ex
1175 2119 1281 2208 ipsius
1293 2121 1412 2188 litteris
1424 2123 1514 2188 Rda.
1530 2123 1568 2187 Ρ.
1578 2121 1618 2189 V.

406 2206 530 2274 certior
546 2207 591 2274 sit
607 2209 707 2276 tacta.
726 2212 815 2278 Sunt
830 2209 933 2290 enim,
951 2213 1026 2279 Deo
1042 2209 1085 2276 sit
1102 2209 1223 2298 gratia,
1241 2211 1349 2276 multo
1368 2209 1512 2278 meliore
1527 2230 1619 2294 quam

406 2296 520 2362 adhuc
545 2297 694 2379 fuerunt,
720 2310 940 2385 posteaquam
960 2300 1029 2365 duo
1048 2297 1194 2384 primarij
1212 2300 1389 2377 eonsules,
1407 2299 1469 2383 qui
1490 2301 1619 2366 fuerunt
1720 2363 1721 2370 χ

402 2383 582 2453 seditionis
597 2386 779 2472 principes
797 2399 919 2455 senatu
935 2387 1019 2454 moti
1030 2398 1121 2453 sunt.
1136 2387 1324 2454 Confirmet
1335 2389 1401 2453 hoc
1412 2389 1524 2467 DeuS,
1537 2385 1618 2471 quod
1720 2373 1721 2440 Ϊ

402 2483 562 2558 operatus
578 2485 630 2542 est
646 2475 681 2540 in
697 2475 754 2540 illa
770 2475 920 2543 ciuitate.
940 2477 1043 2562 Quod
1059 2475 1088 2542 si
1108 2496 1176 2542 non
1192 2476 1363 2544 defuerint
1378 2475 1538 2561 operarij,
1553 2497 1616 2540 ma·

402 2582 510 2647 gnum
526 2562 672 2648 aliquem
690 2566 838 2632 fructum
853 2587 1041 2651 speramus,
1060 2565 1256 2650 praesertim
1277 2564 1306 2630 si
1327 2564 1453 2630 missus
1470 2568 1537 2629 huc
1552 2563 1617 2627 tue·

401 2649 464 2730 rit,
484 2651 613 2735 pridem
635 2675 655 2719 a
679 2653 773 2720 vobis
795 2653 979 2738 promissus
1000 2664 1035 2721 et
1054 2654 1214 2722 ardenter
1237 2675 1256 2718 a
1279 2653 1378 2719 nobis
1398 2651 1615 2728 desideratus,

401 2740 444 2805 R.
463 2741 505 2807 P.
522 2740 694 2808 Henricus
709 2742 908 2826 Dyonisius.
924 2745 1019 2809 Bona
1035 2763 1095 2828 spe
1111 2763 1199 2822 sum,
1215 2741 1492 2827 quandoquidem
1506 2739 1540 2806 in
1551 2761 1615 2804 ma-

400 2847 505 2910 gnam
521 2830 791 2914 expectationem
809 2830 982 2912 venimuS,
1001 2832 1153 2898 futurum
1171 2842 1208 2896 vt
1223 2829 1467 2916 quamplurimi
1489 2828 1613 2896 Christo

400 2914 587 2996 lucrifiant,
613 2919 704 3002 quod
728 2921 834 2986 Rdae.
857 2921 897 2988 P.
920 2921 964 2988 V.
987 2941 1090 2988 curae
1115 2919 1266 2986 futurum
1290 2941 1365 2986 esse
1392 2941 1464 2983 non
1491 2917 1612 2984 dubito.

399 3001 508 3069 Cuius
524 3003 681 3090 precibus
702 3017 737 3074 et
757 3007 933 3091 sacrificijs
956 3029 1028 3090 me,
1046 3007 1128 3094 quin
1150 3019 1184 3076 et
1206 3007 1378 3074 Prussiam
1398 3017 1564 3085 nostram,
1581 3004 1609 3070 iu
1719 3067 1720 3076 .

398 3113 468 3175 qua
490 3113 582 3159 nunc
605 3097 781 3162 turbarum
804 3095 932 3182 aliquid
950 3096 1067 3165 videre
1090 3095 1180 3176 licet,
1198 3096 1381 3184 diligenter
1403 3095 1608 3162 commendo.
1719 3085 1720 3106 ³

397 3182 718 3339 Ilgraatperpssxgffrsitsrtp)
735 3198 852 3251 nostro
875 3186 1076 3272 Heilpergk,
1103 3203 1144 3270 23
1169 3184 1375 3252 Nouembris
1391 3186 1436 3251 A.
1456 3187 1502 3252 D.
1524 3181 1607 3266 1568.

766 3363 1005 3442 SrAnrsrAUS,
1024 3382 1239 3430 cnnnmrms
1256 3381 1491 3430 viromensis.

465 3447 648 3533 Inscriptio
665 3450 702 3514 iu
718 3457 843 3534 quarta
854 3453 991 3539 pagina
1008 3474 1018 3515 :
1034 3452 1121 3519 Rdo.
1139 3451 1174 3516 in
1195 3450 1332 3516 Christo
1354 3449 1465 3532 Patri,
1484 3445 1609 3514 domino

396 3534 582 3602 Francisco
606 3537 748 3624 Borgia‚
767 3550 907 3605 sanctae
930 3539 1111 3607 Societatis
1129 3542 1236 3629 Jhesu
1260 3539 1454 3625 praeposito
1478 3556 1609 3625 genera-

398 3621 434 3702 li,
452 3634 534 3704 etc,
555 3625 648 3692 tratri
664 3625 700 3691 in
716 3627 854 3694 Christo
869 3627 1066 3695 charissimo
1082 3638 1117 3695 et
1133 3629 1344 3696 honorando

399 3754 612 3767 ——u——n

449 3819 458 3852 ¹
496 3820 541 3874 Ex
553 3822 724 3895 archetypo,
738 3823 768 3878 in
781 3823 852 3879 Cocl.
869 3824 915 3893 38,
925 3822 1036 3897 duplici
1049 3823 1111 3893 tol,
1122 3837 1176 3878 202
1188 3821 1274 3892 (203).
1290 3821 1365 3878 Vide
1378 3821 1503 3894 append.
1514 3819 1607 3888 XLVI,
1718 3811 1719 3816 ¹

396 3905 464 3962 LVI
480 3909 540 3976 (bit,
555 3909 621 3964 LIX
634 3911 698 3981 (Μ’,
712 3919 743 3966 et
757 3911 866 3967 LXIII.

449 3999 461 4030 ²
499 3995 691 4055 «Laurentius
708 3999 823 4070 Magius
841 3999 980 4056 Austriue
997 3999 1188 4058 Prouincialis
1210 4001 1265 4056 hae
1286 4007 1398 4056 aestate
1421 3999 1452 4056 in
1471 3995 1606 4053 Potonian

393 4083 450 4138 iter
462 4081 623 4139 intendit...
638 4093 700 4142 turn
714 4088 839 4160 prImum
853 4086 986 4161 Collegia
999 4089 1138 4146 Polonica
1147 4087 1338 4144 Prouincialis
1348 4086 1478 4143 inuisitm
1488 4086 1607 4141 Siccin-

393 4183 467 4238 nus,
486 4173 541 4228 loc.
559 4172 623 4244 cie,
643 4184 720 4247 part.
744 4177 935 4248 111‚lib.1V,
954 4198 987 4234 n.
1012 4179 1071 4248 176.
1090 4177 1141 4235 Cf.
1162 4178 1366 4247 Rosrowsm‚
1386 4175 1605 4232 Liruanicarum

394 4261 552 4316 Societutis
558 4263 635 4334 Jesu
647 4265 860 4335 hirtoriarum,
874 4268 927 4323 lib.
950 4269 975 4333 Ι,
989 4286 1018 4323 n.
1033 4283 1061 4340 9.
