3318 5376
392 468 445 538 2⁶4
775 470 880 526 Earsr.
900 467 934 522 P.
955 465 1157 538 Nonas—437

356 619 552 707 apostolica,
574 641 629 687 ma
644 643 712 686 non
733 622 767 687 lo
789 631 925 708 potemo
941 630 1106 689 mostrare
1126 631 1155 700 ²,
1173 622 1218 688 ne
1234 643 1292 706 per
1315 620 1348 686 la
1368 617 1590 686 fondatione.

357 735 469 802 Credo
485 737 548 801 che
564 734 651 802 saria
666 738 793 817 buono,
817 736 940 815 Padre,
963 737 1102 820 quando
1126 736 1148 800 l'
1172 735 1374 822 imperatore
1395 734 1452 800 sia
1475 733 1592 799 disoc-
1622 712 1626 721 ¹

354 860 479 935 cupato
499 851 543 916 da
563 859 655 916 tante
671 871 808 936 guerre,
836 852 899 916 che
921 849 949 917 si
977 850 1217 935 procurassino
1244 851 1366 916 lettere
1386 849 1420 915 di
1439 849 1483 918 S.
1510 849 1591 915 ΜΡ

356 985 416 1050 per
432 963 569 1051 iljpapa,
587 986 646 1050 per
662 964 917 1032 confirmatione
932 965 967 1032 di
983 967 1076 1032 dette
1092 964 1301 1032 fondatione.
1320 966 1361 1032 C'
1378 967 1399 1031 ὁ
1414 967 1483 1030 un’
1504 963 1590 1028 altra

356 1079 519 1146 difficulta
540 1078 575 1145 in
592 1083 717 1166 Praga,
739 1084 803 1148 che
823 1079 847 1145 il
868 1079 1072 1147 monasterio
1088 1082 1132 1148 de
1152 1081 1268 1166 Oybin
1289 1082 1426 1148 haueua
1449 1099 1589 1145 annexa

356 1215 439 1260 eura
454 1193 489 1259 di
505 1193 628 1276 anime,
650 1205 686 1261 et
698 1196 834 1280 quando
854 1194 884 1262 si
904 1195 1024 1282 separo
1044 1197 1076 1261 la
1097 1195 1229 1264 rendita
1249 1196 1305 1262 del
1324 1193 1541 1262 monasterio
1557 1205 1590 1260 et

358 1308 442 1374 certi
457 1308 535 1375 beni
552 1308 731 1395 congiunti
747 1310 800 1376 col
812 1308 1029 1390 monasterio
1045 1311 1081 1376 fu
1095 1311 1276 1376 accordato
1289 1310 1394 1378 chesi
1407 1329 1592 1395 separasse

357 1421 440 1509 ogni
456 1423 664 1510 obligatione
680 1425 735 1491 dal
759 1425 907 1512 collegio
929 1436 1059 1506 nostra,
1078 1436 1112 1492 et
1128 1435 1249 1511 questo
1271 1427 1322 1491 fra
1337 1426 1361 1491 l'
1378 1424 1592 1511 imperatore
1636 1481 1640 1518 Ι

358 1550 395 1604 et
410 1536 466 1602 lib
486 1539 605 1620 nostri,
628 1549 662 1605 et
678 1544 791 1606 nmen
811 1540 869 1606 noi
890 1552 1065 1609 retenemo
1088 1541 1177 1608 nello
1199 1540 1405 1607 monasterio
1430 1559 1522 1622 1400
1543 1551 1593 1602 ta·
1632 1532 1637 1543 '

359 1652 421 1722 leri
438 1662 451 1695 ⁰
487 1653 522 1718 di
538 1653 681 1734 rendita,
700 1665 736 1723 et
764 1655 867 1740 quelli
884 1655 962 1723 beni
982 1659 1046 1723 che
1066 1667 1202 1724 restano
1224 1655 1254 1723 al
1277 1655 1488 1724 monasterio
1508 1675 1592 1720 sono
1644 1747 1645 1752 γ

358 1769 430 1834 cosi
445 1767 558 1854 pochi,
577 1772 641 1837 che
657 1791 726 1836 non
741 1770 931 1837 bastauano
945 1793 964 1837 a
980 1780 1170 1839 sostentare
1182 1770 1207 1837 il
1223 1773 1263 1837 P.
1282 1772 1424 1853 Urtado,
1444 1779 1483 1838 et
1500 1789 1521 1853 3
1538 1787 1589 1850 04

358 1885 423 1950 che
439 1893 583 1950 stauano
598 1906 664 1950 con
680 1884 739 1966 lui,
759 1906 824 1951 con
840 1886 863 1951 li
879 1885 1036 1954 seruitori
1052 1886 1087 1953 di
1103 1907 1193 1954 casa.
1209 1869 1316 1953 liben
1329 1907 1411 1952 uero
1424 1885 1588 1972 (secondo

359 1999 424 2063 che
438 1996 678 2066 intendeuamo
695 1997 752 2086 gia
767 2000 823 2065 all'
841 2001 910 2086 ora)
927 2003 991 2067 che
1007 2002 1119 2085 quelle
1135 2012 1236 2082 terre,
1255 2001 1332 2067 cuia
1352 2021 1434 2067 cura
1451 2021 1514 2066 era
1533 1998 1586 2065 del
1649 2044 1650 2090 ,

360 2112 575 2192 monasterio,
593 2134 678 2180 sono
689 2115 855 2182 luterane.
881 2117 1014 2200 Questo
1030 2115 1144 2181 scriuo
1163 2139 1183 2182 a
1203 2116 1236 2182 la
1255 2118 1294 2182 P.
1318 2117 1361 2182 V.
1384 2115 1483 2182 occid
1501 2113 1587 2179 ueda
1650 2146 1651 2172 r

359 2249 397 2294 se
413 2229 535 2294 alcuna
551 2227 752 2314 prouigione
768 2228 796 2294 si
812 2232 958 2297 hauesse
973 2231 1017 2296 da
1032 2233 1170 2298 hauere.
1194 2229 1309 2315 Quelli
1325 2245 1391 2313 450
1412 2225 1531 2296 fiorini
1546 2227 1587 2292 de
1651 2248 1652 2268 ¹

360 2342 498 2409 Lusatia
517 2345 540 2426 ¹,
559 2363 628 2408 non
644 2342 733 2412 saria
750 2345 855 2410 molto
871 2365 1016 2430 pensare
1031 2347 1096 2411 che
1110 2347 1134 2409 l'
1151 2344 1354 2430 imperatore
1370 2346 1397 2410 F
1399 2341 1588 2412 erdinando

359 2457 384 2523 li
400 2459 546 2524 hauesse
563 2457 647 2539 dati,
666 2459 708 2524 ad
725 2458 879 2526 instanza
895 2460 950 2528 del
966 2462 1056 2528 duca
1070 2460 1105 2525 di
1122 2459 1294 2540 Sassonia,
1312 2461 1354 2526 ad
1376 2482 1422 2526 un
1442 2457 1587 2524 vassallo
1653 2452 1654 2472 ¹

361 2571 396 2638 di
409 2573 534 2657 quelle,
548 2574 605 2640 nel
618 2584 732 2658 tempo
744 2576 809 2642 che
821 2596 890 2641 non
901 2585 999 2641 staua
1011 2576 1115 2641 molto
1129 2577 1216 2642 bene
1228 2596 1292 2641 con
1306 2575 1374 2655 noi,
1388 2596 1449 2660 per
1466 2575 1500 2641 le
1512 2591 1586 2638 cose

360 2688 416 2755 del
432 2687 589 2768 concilio,
607 2699 642 2754 et
657 2690 746 2756 della
766 2695 909 2774 viraque
925 2691 950 2758 ¹:
969 2693 989 2756 e
1009 2711 1089 2757 cosa
1108 2689 1304 2756 difficillima
1325 2687 1536 2776 ricuperarli,
1553 2697 1585 2752 et

360 2801 462 2869 etiarn
478 2803 631 2887 parlarne
647 2805 667 2870 ὲ
683 2804 828 2871 difficile:
847 2813 882 2872 et
898 2810 1011 2870 nmen
1026 2805 1138 2890 questi
1154 2824 1219 2888 450
1231 2805 1342 2871 fiorini
1358 2825 1462 2872 erano
1477 2802 1581 2891 prima

361 2915 518 3003 applicati
533 2939 593 3004 per
609 2919 641 2984 lo
658 2917 859 3005 imperatore
875 2942 895 2986 a
910 2919 1028 3006 poueri
1044 2920 1177 3002 scolari,
1196 2931 1230 2986 et
1246 2920 1359 3006 dopoi‚
1375 2920 1464 2986 nihil
1477 2937 1583 3008 agen-

361 3032 451 3096 tibus
467 3033 606 3112 nostris,
625 3032 648 3098 li
665 3033 796 3119 applico
811 3036 844 3101 al
859 3035 1016 3122 collegi0,
1035 3045 1069 3104 et
1089 3034 1190 3120 dopoi
1211 3035 1234 3100 li
1250 3035 1350 3101 diede
1365 3037 1397 3102 al
1412 3056 1510 3102 sasso
1527 3036 1583 3098 he·

363 3145 482 3229 retico,
500 3145 535 3211 di
553 3147 654 3213 modo
670 3151 734 3214 che
751 3150 830 3235 quel
847 3149 992 3236 collegio
1009 3171 1078 3216 non
1090 3153 1134 3217 ha
1150 3171 1187 3216 se
1203 3171 1272 3216 non
1284 3149 1307 3215 li
1327 3169 1410 3232 1400
1431 3147 1527 3218 taleri
1547 3149 1585 3212 de

365 3259 482 3346 Oybin
499 3273 534 3330 et
551 3283 615 3345 300
631 3263 720 3329 della
735 3285 881 3345 camera,
904 3269 967 3332 che
989 3286 1055 3331 con
1071 3265 1231 3331 difficolta'r
1252 3264 1279 3331 si
1300 3267 1425 3346 hanno,
1448 3276 1486 3332 et
1500 3273 1586 3332 certe

364 3377 474 3461 poche
489 3377 585 3445 botte
601 3377 635 3442 di
652 3377 748 3461 uino,
766 3381 830 3445 che
842 3401 909 3446 con
922 3379 1110 3466 maggiore3
1125 3390 1160 3446 et
1171 3385 1286 3446 tamen
1299 3380 1327 3447 si
1339 3391 1493 3448 sostenta
1505 3374 1585 3446 assai

365 3490 453 3558 bene
468 3502 503 3559 et
519 3493 588 3577 pud
603 3501 794 3560 sostentare
810 3495 879 3561 fino
895 3517 915 3561 a
930 3514 985 3578 40,
1005 3507 1039 3563 et
1056 3494 1157 3562 etiam
1174 3495 1244 3582 piri:
1263 3495 1543 3582 principalmente
1557 3489 1585 3556 ci

364 3605 476 3675 riusce
491 3608 604 3692 quello
620 3610 685 3676 che
708 3611 752 3674 ha
770 3609 971 3678 cominciato
989 3612 1088 3677 Mtro.
1108 3609 1259 3678 Henrico
1284 3613 1295 3644 ⁵
1311 3609 1346 3675 di
1362 3611 1412 3675 far
1432 3608 1581 3677 macella·

365 3721 414 3788 ria
425 3721 460 3789 in
475 3743 565 3802 casa,
584 3724 640 3788 del
656 3744 739 3789 seuo
755 3726 907 3806 candele,
927 3735 961 3792 et
977 3725 1065 3792 delle
1077 3726 1166 3810 pelle
1181 3747 1312 3812 scarpe,
1328 3735 1394 3792 etc.
1413 3726 1446 3791 A
1467 3732 1583 3809 questo

365 3846 400 3904 et
414 3837 458 3902 ad
474 3837 557 3923 ogni
573 3839 658 3904 altra
674 3858 766 3920 cosa,
780 3839 809 3906 si
821 3841 840 3906 e
853 3840 1009 3926 rispost0,
1023 3852 1057 3907 et
1069 3861 1134 3906 con
1148 3851 1268 3926 questa
1284 3860 1429 3906 saranno
1445 3840 1476 3906 le
1489 3836 1581 3906 scrit-

366 3961 452 4018 ture.
475 3955 568 4021 Sono
595 3955 699 4020 molto
728 3954 865 4022 fauoriti
892 3967 927 4024 et
955 3955 1161 4023 accarezzati
1183 3955 1206 4021 li
1230 3955 1336 4022 nostri
1356 3955 1437 4022 dall'
1458 3953 1584 4022 arciue-

423 4204 440 4237 ι
458 4208 475 4262 4
494 4194 583 4248 verba
596 4211 682 4268 seqq.
699 4212 787 4267 supra
805 4211 885 4252 vers.
904 4194 1017 4251 addidit
1038 4196 1164 4251 libr.-b
1193 4195 1258 4250 Hoc
1272 4195 1355 4250 verb.
1378 4193 1489 4250 addidit
1511 4205 1587 4264 supra

370 4297 449 4336 vers.
463 4282 587 4336 libr-0
600 4297 616 4336 2
630 4285 721 4340 verba
733 4301 818 4357 seqq.
837 4283 949 4339 addidit
961 4284 1027 4340 libr.
1048 4301 1135 4356 supra
1148 4301 1226 4339 vers.

371 4413 582 4426 ---—.....

424 4491 433 4522 ⁴
471 4486 520 4542 Cf.
539 4487 701 4560 Pocanco,
719 4488 991 4560 Chron.,1V,266.

421 4579 432 4610 ⁹
470 4574 545 4630 Vide
559 4575 660 4647 Epist.
678 4575 802 4646 Natat„
815 4578 854 4648 ΙΙ,
873 4591 933 4650 119,
950 4587 1163 4649 120,124,etc.

417 4666 430 4697 ³
467 4663 652 4720 Blissemius.
671 4665 747 4721 Vide
761 4667 859 4740 Epist.
875 4667 993 4736 Natat,
1006 4668 1045 4738 11,
1060 4667 1121 4735 287,
1136 4683 1200 4738 449,
1215 4679 1281 4738 591.
