3482 5386
666 493 832 548 Arcenam
1271 502 1324 561 779

125 643 247 713 sertim
265 667 307 714 ex
322 643 431 712 literis
448 649 489 712 P.
505 644 688 718 visitatoris
704 655 739 711 et
755 643 842 711 Rmi.
857 643 984 710 domini
996 642 1245 729 herbipolensis
1259 644 1281 708 ¹.
1296 640 1363 708 Di-

127 757 204 802 cam
223 745 260 802 et
275 755 343 820 ego
359 733 486 818 aliquid
503 734 538 799 in
553 745 709 820 separato
730 732 868 819 scripto.

195 824 302 908 Quod
318 825 361 888 ad
378 845 502 889 nouam
518 823 753 890 difficultatem
770 821 868 889 nobis
883 820 1055 902 iniectam,
1074 840 1118 885 ne
1137 819 1363 886 absoluantur

129 911 268 998 relapsi,
287 909 422 990 attinet,
446 912 518 978 scio
538 911 715 997 scripsisse
735 913 775 977 P.
798 912 954 979 Natalem
975 909 1169 995 diligenter:
1192 906 1310 973 scribit
1326 917 1361 976 et

129 1003 252 1066 Rmus.
269 1003 313 1066 D.
333 1001 514 1067 cardinalis
530 1002 541 1033 ¹
559 1001 593 1065 in
610 1003 740 1068 vrbem.
756 1001 830 1066 Nec
845 999 977 1080 dubito,
996 998 1078 1084 quin
1100 1000 1140 1063 P.
1164 998 1207 1062 V.
1231 995 1358 1061 intelli-

128 1100 190 1174 gat
210 1088 295 1155 satis
320 1101 485 1174 quantum
510 1088 649 1175 angoris
665 1099 700 1156 et
721 1087 861 1175 periculi
878 1111 920 1156 ex
936 1090 1001 1154 hac
1025 1087 1225 1152 difficultate
1246 1085 1358 1154 redire

127 1177 237 1262 possit
254 1179 297 1243 ad
313 1187 448 1244 nostros
464 1177 702 1258 confessarios
717 1176 841 1261 quibus
854 1187 922 1242 tam
937 1178 1096 1260 frequens
1108 1195 1208 1240 casus
1219 1174 1263 1241 de
1274 1176 1359 1240 hae-

127 1267 191 1333 resi
210 1268 303 1352 apud
319 1287 502 1352 germanos
519 1265 708 1334 occurrit...
727 1267 830 1333 Certe
846 1287 1004 1352 magnam
1016 1264 1189 1350 capiemus
1202 1264 1358 1328 consola-

127 1356 269 1435 tionem,
288 1355 530 1440 cumprimum
559 1354 764 1441 accipiemus
780 1356 844 1420 hac
860 1355 895 1420 in
915 1365 1012 1440 parte
1027 1351 1153 1419 nostris
1176 1372 1253 1419 esse
1273 1371 1357 1416 con¹⁴

126 1443 389 1528 cessum,·quod
405 1445 449 1509 ob
470 1443 587 1510 anxias
609 1453 741 1510 tantum
761 1442 987 1512 conscientias
1008 1441 1176 1510 iuuandas
1197 1438 1355 1524 petimus

126 1534 199 1598 Nec
215 1531 261 1600 sit
278 1554 373 1597 mora
389 1554 517 1617 quaeso
533 1533 567 1597 in
584 1533 731 1617 petenda
746 1532 897 1617 gratia...
916 1531 1077 1616 Dilingae
1089 1530 1223 1595 sublata
1237 1527 1353 1595 uiden·

126 1631 181 1685 tur
197 1620 455 1706 impedimenta,
473 1643 560 1706 quae
578 1625 618 1687 Ρ.
637 1621 770 1706 Gaspar
786 1622 797 1654 ³
815 1632 850 1686 et
861 1624 904 1688 D.
924 1619 1076 1686 Torrez⁴
1094 1626 1358 1682 annotauerant.

127 1711 234 1776 Suam
249 1710 340 1776 enirn
356 1731 492 1794 operam
510 1708 713 1795 interposuit
729 1711 770 1775 P.
788 1708 931 1788 Natalis,
950 1721 984 1776 et
1006 1706 1198 1773 ministrum
1220 1705 1287 1769 illic
1303 1704 1357 1769 in-

62 1859 65 1866 .
128 1797 241 1864 stituit
257 1800 299 1864 P.
322 1797 512 1884 Georgium
534 1801 558 1878 ⁵,
582 1799 639 1882 qui
660 1797 760 1864 simul
780 1797 893 1864 studia
905 1817 1163 1880 nonnumquam
1184 1804 1308 1860 tractet
1323 1803 1359 1860 et

128 1887 286 1953 absoluat
314 1909 423 1972 usque
449 1889 493 1952 ad
515 1889 659 1972 gradum
680 1888 816 1953 futurae
836 1885 1068 1972 promotionis,
1092 1884 1121 1949 si
1146 1885 1187 1949 Ρ.
1211 1883 1254 1947 V.
1278 1903 1359 1966 per-

129 1975 281 2042 mittat...

683 2144 800 2209 XXXI

537 2277 570 2331 B.
591 2275 743 2331 PETRUS
762 2273 946 2331 CANISIUS

401 2413 562 2460 snucro
597 2411 833 2459 rnnucrsco
868 2412 921 2457 ns
958 2409 1090 2470 BORJA

431 2526 625 2611 Augustae,
648 2544 687 2607 14
703 2522 903 2591 Decembris
924 2523 1008 2606 1566
1024 2525 1049 2587 ⁰.

539 2657 585 2712 De
598 2657 723 2730 collegio
735 2656 947 2728 herbipolensi.

198 2775 294 2842 Nihil
320 2773 440 2840 dubito
467 2775 532 2839 iam
560 2774 673 2840 isthuc
700 2794 776 2841 esse
802 2772 1042 2858 perscriptum,
1074 2772 1113 2836 P.
1148 2768 1358 2836 visitatorem

132 2866 175 2930 D.
195 2865 368 2944 Natalem,
388 2865 426 2930 Ρ.
444 2864 609 2930 Ximenez
625 2872 659 2930 et
675 2884 729 2928 me
744 2861 845 2928 simul
862 2882 938 2929 esse
953 2861 1133 2946 profectos
1156 2859 1199 2924 ad
1219 2861 1358 2924 Rmum.

133 2952 407 3038 herbipolensem
427 2955 450 3030 ⁷,
469 2976 488 3018 a
504 2974 572 3036 quo
588 2950 782 3019 humaniter
797 2949 1070 3035 quidemsumus
1085 2969 1205 3014 omnes
1221 2947 1357 3032 accepti

132 3051 237 3126 atque
252 3041 391 3107 dimissi.
412 3040 471 3106 Bis
486 3061 554 3125 ego
571 3062 645 3105 sum
662 3039 709 3105 illi
725 3039 958 3116 concionatus,
977 3038 1012 3103 in
1029 3056 1108 3104 arce
1120 3034 1280 3102 nimirum
1294 3055 1355 3100 co-

132 3152 202 3196 rarn
219 3129 352 3209 aulicis,
367 3139 401 3195 et
413 3129 448 3194 in
462 3129 604 3196 ecclesia
616 3129 812 3194 cathedrali.
829 3130 882 3193 De
894 3125 1040 3211 collegio
1053 3123 1293 3208 herbipolensi,
1308 3147 1353 3189 an

132 3229 165 3283 et
179 3221 353 3304 quomodo
369 3218 614 3284 instituendum
630 3218 714 3282 illud
731 3228 832 3294 esset,
851 3215 1033 3301 praecipua
1050 3236 1132 3279 cura
1154 3212 1251 3277 nobis
1273 3211 1353 3290 fuit,

133 3317 165 3374 et
181 3310 344 3392 frequens
359 3327 437 3373 cum
454 3309 574 3372 eodem
591 3308 688 3372 Rmo.
707 3305 848 3388 eiusque
860 3302 1062 3370 cancellario
1075 3299 1231 3366 tractatio
1245 3300 1357 3367 inter-

135 3395 250 3463 cessit.
269 3399 308 3462 P.
329 3395 457 3463 Natalis
475 3396 638 3462 rationem
656 3393 801 3460 instituti
822 3391 928 3460 nostri
944 3413 1013 3474 non
1030 3391 1139 3455 solum
1165 3387 1352 3475 proposuit,

133 3486 192 3549 sed
209 3485 312 3552 etiam
329 3485 414 3549 ursit
430 3483 623 3569 diligenter.
648 3485 691 3548 Et
712 3502 837 3568 graues
858 3479 994 3565 quidem
1020 3499 1145 3545 causae
1166 3477 1354 3544 offerebant

134 3595 222 3653 sese,
240 3595 302 3639 cur
317 3584 516 3658 putaremus
533 3575 660 3638 bonum
676 3572 872 3656 episcopum
889 3591 952 3636 sua
967 3589 1027 3652 spe
1042 3578 1076 3632 et
1089 3577 1182 3632 certa
1194 3575 1356 3650 expecta-

136 3661 228 3728 tione
248 3664 292 3729 de
312 3661 410 3727 nobis
430 3672 610 3746 concepta,
636 3661 820 3744 multisque
843 3658 941 3724 annis
964 3658 1176 3732 confirmata,
1204 3663 1280 3738 post
1304 3665 1356 3720 tot

136 3759 316 3834 tantosque
331 3761 487 3834 sumptus
503 3751 538 3814 in
554 3749 690 3834 collegii
703 3759 737 3816 et
750 3749 887 3814 scholae
900 3757 1104 3831 structuram
1117 3744 1271 3821 collatos
1287 3743 1354 3807 mi-

136 3838 225 3905 nime
246 3840 480 3904 frustrandum
504 3860 589 3904 esse.
621 3840 775 3905 Tandem
802 3837 908 3922 igitur
933 3846 1074 3903 uentum
1099 3841 1151 3898 est
1175 3831 1217 3896 ad
1241 3843 1356 3898 certos

134 3928 307 4008 articulos,
332 3929 457 4013 quibus
476 3928 585 3996 ueluti
601 3949 735 3992 summa
751 3927 855 3992 totius
871 3924 1002 4010 negotii
1018 3923 1061 3988 de
1078 3921 1265 4000 fundando,
1292 3920 1355 3985 do-

136 4018 238 4083 tando
253 4026 288 4082 et
304 4017 496 4082 inchoando
511 4016 656 4100 collegio
673 4015 1029 4099 comprehenderetur,
1046 4022 1083 4076 ut
1096 4010 1257 4092 utrinque
1270 4030 1355 4075 con-

133 4115 251 4186 staret,
271 4117 338 4170 tam
356 4129 398 4172 ex
415 4105 517 4185 Rmi.,
541 4127 642 4188 quam
659 4114 775 4170 nostra
790 4113 898 4190 parte,
922 4101 1005 4187 quid
1021 4101 1063 4166 ad
1080 4121 1154 4168 eam
1175 4119 1247 4165 rem
1264 4099 1357 4163 facto

184 4311 192 4342 ¹
231 4309 428 4364 Fridericuse
448 4309 612 4378 Wirsberg.
809 4311 820 4342 ⁹
858 4305 931 4364 Otto
943 4306 1106 4360 Truchsess
1120 4303 1157 4357 de
1172 4301 1352 4372 Waldburg.
1464 4301 1479 4321 ·’

182 4400 195 4430 ⁵
232 4397 543 4470 GasparHaywodus.
600 4459 605 4470 ¹
811 4399 822 4430 ⁴
860 4395 1060 4465 Hieronymus
1074 4393 1193 4446 Torres.

185 4489 197 4522 ⁵
234 4486 339 4542 Bader.
355 4487 430 4542 Vide
444 4504 515 4560 pag.
535 4500 545 4540 t
551 4499 594 4556 59,
610 4495 709 4542 annot.
725 4485 752 4542 3.

185 4577 197 4610 ⁸
235 4576 279 4629 Ex
292 4577 461 4648 archetypo,
477 4577 507 4630 in
521 4575 617 4648 Epist.
635 4574 763 4642 Conisii,
778 4575 815 4642 11,
834 4573 883 4628 182
897 4573 984 4642 (107).
1000 4569 1076 4626 Vide
1089 4585 1156 4642 pag.
1171 4567 1234 4637 3823
1248 4575 1280 4623 et
1291 4581 1356 4637 414.

186 4669 198 4699 ⁷
236 4664 402 4720 Fridericus
416 4682 432 4720 a
446 4665 612 4736 Wirsberg.
