3482 5386
709 484 877 540 Aeaeum

744 770 841 838 XLV

583 903 617 958 B.
638 902 791 960 PETRUS
810 901 993 960 CANlSIUS

446 1048 606 1096 seuero
641 1047 875 1096 Faanc1sco
910 1049 962 1096 pu
998 1049 1133 1112 aoaJa

524 1169 697 1257 Dilingae,
715 1187 758 1253 24
774 1169 903 1256 Aprilis
923 1173 1006 1256 1567
1027 1175 1048 1237 ¹.

260 1311 320 1367 De
332 1311 459 1385 collegio
470 1311 679 1385 herbipolensi,
692 1315 721 1366 at
733 1313 769 1366 da
781 1311 890 1368 vestitu
902 1313 1052 1368 scaurum
1066 1314 1100 1369 in
1115 1312 1295 1370 Germania.

220 1436 306 1504 His
321 1436 443 1506 diebus
458 1437 574 1505 literas
589 1437 707 1523 accepi
729 1439 770 1502 P.
792 1439 838 1504 D.
861 1437 1006 1518 Natalis,
1033 1437 1158 1523 quibus
1180 1439 1396 1525 potissimum

140 1525 229 1610 agit
249 1527 306 1592 de
322 1525 469 1613 collegio
485 1524 725 1612 herbipolensi,
742 1536 778 1592 et
793 1525 906 1610 aliqua
922 1549 965 1594 ex
980 1537 1076 1613 parte
1099 1530 1282 1613 respondet
1302 1529 1391 1596 diffi-

143 1615 375 1695 cultatibus,
393 1637 479 1700 quas
495 1614 687 1682 Patamitas
702 1615 777 1682 Tua
793 1617 922 1682 Romae
936 1615 1169 1706 consideratas
1184 1617 1283 1683 nobis
1299 1639 1395 1684 com·

143 1702 376 1770 municauit.
394 1707 448 1772 De
463 1703 517 1770 his
533 1703 581 1769 ait
595 1725 633 1770 se
649 1704 790 1772 Romam
806 1724 944 1788 quoque
960 1703 1147 1790 scripsisse,
1171 1715 1206 1774 et
1228 1705 1393 1774 rationem

146 1792 362 1860 reddidisse
388 1804 579 1880 pactorum,
607 1813 695 1876 quae
723 1813 814 1858 nunc
841 1792 951 1878 magis
977 1813 1019 1859 ac
1046 1793 1156 1879 magis
1182 1806 1351 1880 urgentur
1373 1819 1394 1864 a

147 1881 268 1948 Rmo.
291 1880 521 1967 herbipolensi
536 1883 562 1946 ¹.
582 1881 699 1948 Placet
714 1891 827 1948 autem
845 1881 938 1947 Patri
955 1902 1091 1966 quoque
1110 1883 1237 1963 Natali,
1263 1893 1301 1948 ut
1325 1886 1392 1950 hoc

148 1991 257 2036 anno
276 1970 492 2037 dimidiatum
508 1971 685 2036 dumtaxat
699 1969 881 2055 collegium
897 1969 965 2035 illic
980 1970 1172 2037 inchoetur.
1191 1973 1267 2058 Ego
1278 1972 1392 2039 minus

149 2058 314 2142 periculi
330 2069 365 2127 et
379 2057 584 2125 incommodi
600 2058 636 2123 in
652 2059 761 2143 pactis
776 2058 841 2125 illis
853 2079 929 2126 esse
940 2069 1108 2144 putarem,
1123 2058 1151 2124 si
1164 2061 1250 2127 haec
1263 2062 1387 2141 ferant,

148 2167 254 2232 quae
274 2150 319 2214 ad
334 2147 561 2234 obligationes
576 2148 684 2214 factas
699 2146 881 2233 pertinent,
900 2158 1035 2214 nostrae
1050 2147 1324 2229 constitutiones,
1343 2149 1390 2216 si·
1470 2215 1472 2220 ,
1499 2211 1501 2218 Α

151 2245 221 2301 cut
242 2239 289 2303 P.
308 2237 440 2303 Natalis
455 2259 498 2304 ex
512 2235 632 2303 iisdem
647 2237 791 2322 probare
808 2235 954 2303 uidetur.
979 2237 1053 2303 Nec
1077 2238 1220 2304 fortasse
1242 2237 1390 2304 rationes

149 2323 307 2405 desunt,
325 2325 450 2410 quibus
466 2324 599 2391 ostendi
614 2323 721 2410 possit
738 2323 865 2390 utilitas
881 2324 960 2390 inde
981 2324 1198 2410 prouenienS,
1221 2347 1299 2392 cum
1324 2347 1389 2392 no·

153 2423 233 2478 stra
251 2413 401 2499 collegia
416 2415 578 2482 honestas
593 2412 763 2481 sustinent
778 2411 1018 2498 obligationes,
1035 2413 1070 2479 in
1086 2413 1215 2480 alendis
1231 2436 1387 2500 praeser-

152 2500 221 2567 tim
242 2501 416 2589 theologis
430 2512 465 2568 et
481 2501 731 2583 concionatore,
750 2500 838 2567 sicut
853 2502 1022 2568 hactenus
1041 2501 1076 2567 in
1096 2501 1211 2568 multis
1232 2503 1385 2590 collegiis

155 2589 298 2656 factum
315 2591 483 2660 uidemus.
508 2593 637 2658 Verum
657 2589 686 2656 si
706 2589 803 2658 aliter
822 2589 934 2656 uisum
953 2589 1017 2656 erit
1045 2590 1246 2657 Paternitati
1274 2593 1382 2675 Tuae,
1433 2591 1435 2595 ’

155 2679 378 2762 praescribat
400 2701 527 2764 quaeso
546 2689 672 2746 certam
694 2678 901 2746 fundationis
923 2688 959 2746 et
981 2679 1164 2746 dotationis
1190 2681 1383 2762 formulam,

157 2787 255 2850 quae
271 2769 362 2835 bono
378 2769 538 2855 episcopo
553 2767 787 2834 commostrari
808 2769 985 2834 commode
1011 2766 1129 2854 possit,
1155 2769 1212 2836 uel
1234 2769 1385 2839 breuiter

156 2858 338 2939 ostendat,
363 2878 451 2942 quae
471 2867 530 2924 aut
549 2865 679 2922 mutata
698 2866 759 2922 aut
778 2867 949 2942 expuncta
971 2857 1055 2924 uelit
1081 2857 1117 2923 in
1141 2857 1266 2943 priore,
1292 2859 1384 2944 q‘uod

155 2944 257 3012 misit
273 2946 467 3032 episcopua,
485 2945 752 3013 instrumento...
771 2948 888 3013 Monet
905 2949 945 3012 P.
960 2945 1102 3028 Natalis,
1117 2955 1156 3012 ut
1168 2945 1282 3013 isthuc
1294 2969 1381 3032 quo-

156 3053 229 3116 que
246 3035 405 3114 scribam,
423 3032 505 3120 quid
521 3033 603 3100 mihi
619 3033 776 3101 uideatur
791 3035 834 3100 de
850 3033 975 3100 nostris
986 3035 1023 3099 in
1034 3033 1218 3102 Germania
1231 3036 1382 3104 uestien-

154 3121 229 3204 dis,
249 3144 328 3189 cum
345 3123 379 3189 in
396 3123 570 3209 publicum
586 3122 766 3209 prodeunt.
786 3124 904 3190 Placet
918 3121 1001 3188 mihi
1018 3122 1187 3191 sententia
1197 3124 1384 3212 bullaeJu-

155 3207 193 3275 lii
211 3211 396 3297 pontificis,
415 3211 552 3296 quaein
568 3213 590 3278 6
603 3221 700 3298 parte
716 3210 998 3278 constitutionum
1014 3213 1245 3291 confirmatur,
1264 3222 1304 3278 ut
1319 3233 1382 3278 ue·

154 3298 265 3366 stitus
281 3312 396 3369 noster
411 3301 455 3367 ad
472 3321 571 3367 usum
586 3299 663 3379 loci,
682 3299 802 3385 inquo
821 3299 983 3381 uiuimuS,
1000 3299 1034 3366 id
1055 3312 1119 3382 est,
1142 3300 1328 3381 communi,
1347 3310 1382 3369 et

156 3390 350 3474 approbato
365 3389 450 3456 mori
465 3391 688 3458 honestorum
703 3387 760 3455 hic
774 3391 1003 3470 sacerdotum,
1027 3387 1072 3454 sit
1093 3391 1380 3456 accommodatus.

158 3475 250 3542 Nam
267 3488 304 3543 et
318 3477 453 3564 hispani
472 3488 507 3547 et
526 3477 797 3564 portugallenses
817 3478 936 3544 Patres
957 3475 993 3541 in
1016 3477 1144 3542 uestitu
1167 3478 1297 3544 habent
1319 3477 1381 3544 ali-

160 3565 268 3648 quod,
286 3587 355 3652 quo
369 3587 408 3635 se
423 3567 498 3633 aliis
513 3565 749 3634 sacerdotibus
764 3565 854 3632 illius
868 3565 1014 3632 nationis
1030 3567 1242 3633 conformare
1258 3565 1381 3634 dicun-

160 3662 231 3720 tur.
250 3655 324 3722 Nec
339 3655 471 3736 dubito,
490 3655 573 3739 quin
588 3656 654 3722 hac
669 3654 704 3721 in
724 3665 822 3741 parte
843 3654 1005 3722 inuidiam
1025 3655 1178 3740 effugere
1201 3653 1382 3723 maiorem-

160 3762 230 3826 que
245 3745 412 3810 bonorum
429 3743 573 3830 gratiam
590 3743 688 3810 nobis
700 3742 880 3811 conciliare
892 3764 1079 3829 possemus.
1095 3745 1195 3828 Quae
1207 3753 1320 3811 tamen
1332 3744 1382 3810 sic

160 3828 329 3920 intelligo,
345 3843 383 3898 ut
399 3831 518 3913 nostri,
533 3853 611 3898 cum
628 3832 663 3898 in
679 3831 765 3912 aliie,
780 3843 851 3898 tum
864 3830 899 3898 in
916 3831 1044 3900 uestitu
1059 3853 1196 3899 omnem
1212 3831 1381 3900 luxuriam

159 3918 284 4003 nitent,
301 3932 337 3990 et
352 3921 538 4008 promissae
553 3920 763 4008 paupertatis
779 3922 1041 3989 recordentur...

209 4143 219 4176 ¹
255 4143 300 4198 Ex
317 4143 486 4226 archetypo,
508 4141 539 4197 in
557 4141 655 4213 Epist.
676 4139 806 4209 Canisii,
823 4141 859 4212 Π,
880 4151 928 4212 191
947 4139 1034 4211 (258).
1055 4140 1130 4197 Vide
1147 4157 1215 4215 pag.
1230 4140 1294 4212 3553
1313 4157 1381 4212 4003

153 4227 216 4298 433;
228 4237 259 4285 et
271 4230 397 4304 append.
410 4231 511 4286 XLlll.

203 4323 215 4354 ²
253 4318 632 4390 FridericusaWirsberg.
