3482 5386
427 488 480 547 744
813 477 919 532 Errsr.
939 473 973 530 Ρ.
993 473 1196 546 Nauna-619

392 639 476 695 uuto
491 629 524 694 al
540 647 642 694 meno
657 629 690 696 13
706 627 835 696 vltime.
855 629 990 696 Cuanto
1008 637 1084 695 toca
1099 627 1164 694 3113
1180 639 1308 697 venula
1323 627 1359 694 di
1374 629 1420 695 V.
1447 629 1491 694 R.
1517 647 1537 692 a
1556 627 1619 692 lta-

392 743 448 827 lia,
466 742 524 830 gid
540 744 587 829 gl'
606 745 652 808 ho
667 743 787 809 scritto
803 746 870 812 che
892 743 975 830 ogni
996 743 1087 809 volta
1110 744 1175 811 che
1198 741 1222 808 li
1246 746 1382 810 tornera
1405 742 1492 822 ben,
1519 761 1556 809 se
1577 763 1617 806 ne

392 862 490 945 potra
505 858 622 927 venire
638 882 658 925 a
674 856 813 938 Milano‚
832 880 853 924 o
869 881 889 925 a
904 857 1060 938 Venetia,
1079 879 1100 924 o
1116 879 1184 943 qua
1198 881 1219 925 a
1234 859 1353 936 Roma;
1367 857 1500 943 perche
1516 856 1615 922 molto

391 973 573 1042 voluntieri
589 983 623 1042 et
639 995 707 1041 con
722 974 853 1060 grande
868 972 1100 1042 consolatione
1120 984 1237 1040 nostra
1256 973 1289 1038 13
1307 973 1511 1040 vederemo.
1539 971 1615 1039 Solo

390 1088 548 1182 desidero
563 1092 627 1155 che
642 1111 703 1176 per
718 1090 750 1154 la
765 1088 929 1156 difficulta
943 1088 1032 1158 delle
1052 1089 1166 1157 strada
1180 1087 1232 1155 sia
1245 1087 1415 1156 aduertita
1435 1089 1482 1154 de
1503 1085 1614 1154 venire

390 1205 457 1272 ben
472 1214 753 1290 accompagnata,
771 1214 806 1272 31
828 1205 880 1270 ior
900 1203 956 1272 del
976 1214 1089 1290 tempo
1105 1204 1149 1270 de
1171 1203 1183 1269 i
1201 1202 1317 1282 calori,
1344 1214 1379 1270 et
1406 1223 1476 1270 oon
1499 1201 1613 1270 lettere

389 1319 520 1406 patenti
536 1320 591 1386 del
606 1321 726 1388 Seruo
747 1319 932 1386 archiduce
951 1321 972 1402 ¹,
991 1322 1056 1386 che
1074 1317 1265 1386 altrimente
1281 1340 1349 1384 non
1366 1319 1399 1384 lo
1416 1315 1613 1384 lasciariano

389 1456 539 1521 passere.
559 1436 603 1501 Et
623 1457 662 1504 se
681 1439 771 1502 forsa
791 1434 802 1500 i
825 1434 930 1502 calori
953 1434 1122 1502 excessiui
1144 1455 1432 1521 sopraueuessero
1460 1455 1481 1500 a
1506 1433 1548 1498 V.
1572 1433 1609 1497 R.

390 1550 479 1616 nella
494 1549 620 1630 strada,
639 1553 737 1635 porra
753 1550 889 1618 restarsi
905 1573 925 1616 a
947 1550 1061 1631 Siena,
1079 1570 1102 1616 o
1117 1551 1248 1616 altroue
1264 1551 1354 1618 doue
1373 1550 1405 1617 le
1427 1547 1540 1615 verria
1560 1545 1612 1631 piri

391 1685 412 1730 a
429 1665 615 1751 proposito.
634 1645 688 1733 De
704 1665 715 1730 i
730 1664 807 1730 libri
824 1666 960 1732 tornard
975 1689 995 1733 a
1011 1665 1084 1732 dire
1104 1675 1225 1750 questa
1246 1665 1373 1751 parola.
1398 1663 1531 1730 Poiche
1550 1659 1610 1730 essi

391 1801 460 1846 non
475 1801 585 1846 sonno
600 1779 784 1848 necessarii
800 1802 860 1865 per
876 1789 1007 1848 cotesto
1022 1779 1180 1866 collegio,
1198 1779 1226 1846 si
1246 1790 1415 1866 potranno
1432 1779 1578 1847 vendere
1592 1796 1609 1840 a

391 1897 535 1981 qualche
551 1906 627 1961 otro
642 1893 787 1981 collegio
807 1896 896 1966 della
916 1895 1103 1964 medesima
1122 1895 1298 1982 prouincia
1317 1897 1407 1964 doue
1429 1897 1558 1962 fossero
1576 1891 1607 1956 di

391 2008 551 2096 bisogno,
569 2009 726 2077 massime
742 2012 887 2078 essendo
903 2011 946 2080 de
961 2009 1021 2097 piu
1036 2012 1152 2080 valore
1167 2010 1202 2078 di
1218 2011 1296 2096 quel
1313 2013 1378 2079 che
1393 2021 1574 2078 eostorono
1587 2029 1604 2074 a

392 2125 437 2190 V.
453 2127 493 2191 R.
509 2126 552 2191 Et
568 2145 606 2191 se
621 2147 686 2212 pur
701 2147 769 2192 non
786 2125 814 2192 si
831 2136 985 2193 trouasse
1000 2125 1057 2191 chi
1072 2125 1097 2191 li
1111 2146 1315 2212 comprasse,
1329 2127 1435 2192 allora
1451 2127 1483 2192 al
1497 2123 1605 2189 vltimo

392 2259 632 2326 procuraremo
661 2238 696 2306 di
723 2239 901 2309 rimediare
923 2251 1044 2325 questa
1067 2241 1235 2308 necessita
1261 2241 1285 2306 il
1311 2239 1439 2327 meglio
1462 2241 1525 2307 che
1547 2257 1604 2324 po-

396 2365 538 2422 tremmo
554 2357 605 2422 ira
621 2356 680 2440 qui
696 2368 731 2425 31
746 2357 768 2421 l'
788 2357 937 2424 Ottobre
952 2355 1132 2442 prossimo.
1156 2357 1199 2422 Et
1219 2355 1344 2442 perche
1364 2365 1487 2441 questa
1505 2375 1569 2420 non
1588 2353 1604 2417 ὸ

392 2492 452 2557 per
464 2473 562 2552 altro,
576 2493 641 2537 con
654 2467 776 2557 questo
793 2471 838 2537 mi
855 2473 1153 2539 raccommandard
1169 2495 1189 2538 a
1204 2473 1248 2538 V.
1264 2475 1320 2552 R„
1335 2472 1513 2559 pregando
1523 2469 1543 2534 il
1555 2467 1603 2536 si-

392 2607 501 2672 gnore
512 2589 543 2654 le
556 2586 710 2653 continui
722 2598 757 2656 et
768 2607 926 2654 accresca
937 2609 1073 2674 sempre
1082 2589 1116 2654 13
1127 2609 1190 2656 sua
1202 2598 1320 2655 sancta
1332 2588 1444 2674 gratia
1456 2601 1523 2656 etc.
1541 2585 1602 2650 Ro·

394 2722 460 2782 ma,
479 2701 586 2784 a4di
601 2702 743 2790 Maggio
763 2719 860 2786 1577.
982 2732 986 2740 ·

959 2844 1049 2908 619

731 2954 770 3018 Ρ.
791 2953 1099 3023 HIERONYMUS
1120 2955 1284 3021 NADAL

639 3074 776 3130 PATRI
798 3074 1047 3133 EVERARDO
1072 3073 1374 3133 MERCURIANO

831 3194 948 3254 arnna,
964 3193 1072 3252 4Juu11
1087 3185 1186 3251 1577'.

719 3288 765 3343 Do
776 3305 831 3342 suo
840 3290 981 3357 proximo
992 3289 1102 3344 itinere
1114 3289 1148 3344 in
1162 3288 1298 3344 Italiam.

464 3395 486 3480 †
535 3395 641 3461 Molto
669 3395 755 3460 Rdo.
775 3397 815 3461 P.
846 3395 889 3462 N.
913 3395 948 3460 in
969 3397 1034 3462 X.⁰
1057 3399 1129 3463 Pax
1149 3394 1206 3462 X}
1226 3397 1282 3462 Ho
1304 3397 1484 3464 rescebute
1502 3387 1552 3458 doi
1569 3385 1598 3451 di

397 3510 441 3575 V.
461 3512 501 3576 Ρ.
520 3509 554 3574 d'
572 3530 621 3574 un
633 3520 731 3576 tenor
747 3519 781 3577 et
796 3509 829 3575 la
847 3509 946 3596 copia
958 3509 993 3576 di
1008 3511 1121 3595 quella
1136 3510 1171 3577 di
1188 3526 1229 3595 25
1246 3511 1281 3576 di
1301 3511 1461 3590 Febraro,
1483 3501 1598 3572 berche

396 3634 525 3708 aperta.
545 3624 603 3692 Sia
617 3646 679 3710 per
693 3625 717 3689 l'
735 3644 830 3690 amor
845 3624 901 3690 del
916 3624 1044 3712 Signor
1058 3626 1091 3692 13
1107 3625 1293 3712 diligentia.
1310 3627 1452 3710 Sempro
1464 3625 1505 3690 V.
1523 3623 1557 3688 P.
1570 3617 1596 3681 fa

394 3739 440 3804 da
457 3740 578 3820 Padre‚
593 3750 629 3806 et
644 3761 739 3820 vero,
753 3749 788 3806 31
803 3740 913 3822 dolce,
927 3763 1028 3807 verso
1044 3740 1160 3823 dimo,
1173 3741 1298 3808 vechio
1317 3750 1346 3820 ⁸,
1361 3750 1456 3806 tanto
1467 3737 1499 3806 di
1510 3754 1593 3823 poco·

395 3853 444 3921 Mi
459 3855 637 3935 confirmo,
656 3876 721 3920 con
737 3855 769 3922 13
781 3855 892 3941 gratia
908 3855 962 3924 del
978 3854 1107 3942 Signor
1122 3867 1158 3924 31
1169 3858 1246 3924 luce
1261 3858 1327 3925 che
1339 3855 1384 3922 mi
1396 3856 1439 3922 dt
1451 3856 1484 3921 la
1499 3854 1531 3920 Ρ.
1544 3849 1593 3924 Vn

394 3967 432 4034 in
447 3969 560 4053 quello
575 3971 640 4034 che
655 3969 712 4056 gia
728 3969 744 4012 b
763 3969 885 4037 scrisse
897 3972 943 4058 (et
955 3970 1162 4037 ricomandai
1173 3972 1205 4038 13
1217 3972 1322 4039 letere
1333 3993 1354 4037 a
1365 3971 1399 4035 ln
1412 3963 1595 4036 ambaxador

396 4083 432 4149 di
448 4084 573 4169 Spatia)
595 4087 659 4150 che
679 4086 824 4154 essendo
846 4086 1033 4153 certificata
1052 4087 1141 4154 della
1161 4096 1175 4129 ⁰
1196 4085 1306 4153 sanita
1332 4085 1367 4152 di
1395 4081 1542 4158 Venetia,
1558 4071 1596 4139 mi

400 4206 599 4216 ——-—-—

450 4271 468 4304 ι
494 4259 559 4314 Hoc
576 4261 659 4316 verb.
679 4277 767 4332 supra
785 4277 862 4316 vers.
880 4260 992 4317 addidit
1008 4262 1101 4316 N.-b
1116 4263 1182 4318 Hoc
1199 4263 1286 4318 verb.
1307 4277 1395 4335 supra
1409 4277 1483 4316 vers.
1504 4248 1597 4312 addidit

397 4349 435 4404 N.
443 4359 486 4392 -0
501 4348 640 4421 Sequitur
649 4353 731 4421 peste
749 4349 938 4404 obliteratum
951 4367 968 4404 a
986 4349 1024 4404 N.

451 4501 459 4532 ¹
498 4477 708 4574 Ferdiriandus,
723 4501 863 4558 archidux
880 4501 1029 4572 Austriae,
1042 4501 1177 4575 princeps
1190 4502 1307 4558 Tirolis.

451 4594 462 4624 2
499 4583 543 4645 Ex
565 4593 754 4663 autographo,
780 4591 811 4646 in
833 4591 928 4663 Epist.
949 4590 1066 4656 Natat„
1085 4591 1122 4660 11,
1137 4591 1247 4664 duplici
1269 4591 1332 4663 tol„
1355 4603 1407 4661 257
1429 4587 1510 4661 (195).
1533 4577 1594 4637 Vide

395 4677 485 4750 epist.
499 4677 562 4748 613,
577 4687 608 4735 et
619 4680 683 4751 616,
697 4680 803 4754 quibus
815 4680 864 4736 hic
875 4677 1079 4753 respondetur.
