3482 5386
436 511 489 568 77⁰
553 529 555 535 ,
868 497 973 551 Errsr.
993 494 1027 550 P.
1048 495 1161 551 Naoxr.

401 661 531 730 nostro,
557 659 660 732 atque
681 646 763 714 alias
784 667 921 732 quoque
936 645 1222 728 consultauimus,
1241 647 1329 714 serio
1346 668 1387 714 ac
1403 658 1532 770 mature
1553 650 1611 716 sin-

401 739 483 824 gula
505 737 761 804 considerantes
782 757 949 802 unacum
972 737 1072 802 Rmo
1097 735 1251 836 principe
1273 747 1309 805 et
1332 735 1527 822 episcopo&
1550 739 1608 821 qui,

401 827 543 913 perinde
559 846 599 891 ac
617 846 692 906 nos
710 823 951 911 cupidissimus
967 834 1019 890 est
1036 823 1221 909 spiritualis
1242 827 1608 911 profectus,ers011ici-

402 915 521 984 tudine
538 916 638 1000 plane
655 924 795 1000 paterna
811 913 989 979 nobiscum
1005 912 1177 1000 iuuandae
1199 913 1364 981 ecclesiae
1386 923 1476 980 totus
1489 913 1607 980 incum-

401 1005 464 1084 bit,
482 1025 594 1089 neque
609 1002 774 1070 minorem
792 1022 943 1104 quoque.
943 1003 1104 1067 affectum
1116 1022 1199 1086 erga
1211 1001 1386 1087 religionis
1398 1013 1528 1070 uestrae
1537 1025 1607 1104 pro-

401 1093 564 1180 positum,
584 1113 685 1177 quam
701 1091 755 1175 alij
774 1091 818 1176 pij
837 1089 1007 1176 principes
1023 1101 1125 1173 atque
1146 1111 1209 1155 nos
1220 1089 1347 1176 ,gerit
1366 1092 1424 1156 Ad
1439 1091 1524 1158 hoc
1516 1093 1606 1178 rgitur

402 1181 553 1250 omnium
570 1180 673 1258 uotis,
695 1190 730 1246 et
742 1178 911 1265 generalis
931 1177 1072 1264 capituli
1084 1178 1315 1259 conclusione,
1335 1181 1469 1246 tandem
1481 1181 1605 1247 deueni-

400 1292 490 1350 mue,
506 1270 597 1355 quod
609 1267 698 1334 idem
710 1267 939 1353 amplissimus
951 1265 1092 1335 antistes
1104 1277 1219 1334 noster
1236 1269 1483 1353 comprobabit,
1498 1279 1532 1335 ut
1541 1291 1603 1336 earn

403 1359 493 1426 uiam
515 1378 748 1442 sequeremur,
772 1377 873 1440 quarn
895 1358 935 1423 R.
957 1359 996 1422 P.
1016 1355 1257 1442 prouincialis¹
1276 1377 1345 1422 una
1365 1377 1443 1422 cum
1462 1359 1504 1424 D.
1522 1359 1605 1426 Lam-

401 1450 511 1526 berto,
523 1448 638 1531 elapsa
651 1443 926 1530 quadragesima,
941 1444 1040 1510 nobis
1052 1444 1268 1530 rogantibus
1283 1445 1506 1524 adumbrauit;
1518 1447 1605 1512 nimi-

404 1558 479 1601 rum
497 1545 535 1599 ut
551 1533 746 1618 quindecim
771 1533 924 1618 personis
945 1532 1228 1600 sustentationem
1248 1533 1472 1601 necessariam
1493 1545 1524 1602 et
1542 1558 1606 1620 per-

404 1635 542 1710 petuam
559 1621 862 1702 constitueremuS‚
881 1642 969 1722 quae
990 1622 1129 1687 domum
1150 1631 1185 1688 et
1206 1623 1369 1707 templum
1391 1623 1446 1689 uel
1465 1622 1612 1690 sacellum'

403 1711 610 1792 haberents
601 1733 636 1776 m
653 1709 777 1796 quibus
794 1709 956 1810 exercitia
971 1709 1159 1795 spiritualia
1175 1732 1268 1776 more
1283 1732 1346 1776 suo
1362 1722 1533 1797 peragant.
1548 1713 1603 1776 lta-

402 1809 470 1886 que
482 1801 621 1866 domum
647 1797 898 1864 concionatoris
919 1798 988 1867 iam
1008 1797 1257 1884 asignauimuS,
1275 1821 1418 1882 eamque
1437 1801 1601 1882 habebunt,

403 1891 512 1956 donec
537 1908 698 1954 successu
723 1886 885 1972 temporis
908 1885 1072 1952 habitatio
1096 1887 1305 1953 commodior
1330 1890 1498 1954 offeratur.
1515 1891 1600 1957 Tem

404 1979 497 2064 plum
514 1993 593 2044 mox
610 1975 834 2058 dabimuS,S.
854 1975 985 2043 Nicolai
1001 1975 1141 2042 dictum.
1163 1977 1296 2044 Sacello
1312 1997 1409 2060 quast
1400 1977 1599 2048 domestico

403 2067 494 2151 quod
519 2069 562 2131 D.
587 2064 772 2132 Laurentio
795 2085 932 2129 sacrum
955 2074 1023 2142 est,
1042 2064 1142 2130 simul
1171 2064 1220 2130 uti
1246 2077 1416 2150 poterunt.
1442 2069 1504 2132 Pro
1523 2065 1600 2132 uictu

403 2155 536 2221 illorum
554 2164 588 2222 et
609 2153 728 2218 usibus
750 2153 835 2231 aliis,
861 2151 960 2218 dari
952 2151 1033 2237 rpsis
1049 2152 1243 2219 curabimus
1263 2155 1444 2238 quotannis
1457 2153 1601 2255 quinqua-

403 2243 500 2331 ginta
517 2243 615 2310 malt
633 2241 791 2327 siliginis,
811 2240 933 2326 uiginti
950 2241 1043 2308 malt.
1058 2241 1190 2320 hordei,
1209 2241 1360 2326 quinque
1376 2243 1558 2328 plaustra'
1530 2243 1599 2319 urni,

404 2343 440 2400 et
461 2333 697 2417 septingentos
718 2332 865 2398 florenos
889 2329 992 2395 huius
1018 2340 1192 2412 monetae;
1216 2342 1311 2398 certo
1331 2332 1496 2416 persuasi,
1518 2332 1600 2398 etiam

406 2424 547 2486 Patrum
564 2420 734 2484 dictorum
752 2418 889 2497 iudici0,
909 2417 1117 2484 sufficienter
1132 2418 1186 2484 his
1202 2420 1376 2506 prouisum
1394 2432 1443 2485 tot
1458 2419 1599 2506 personia,

406 2521 442 2574 ut
459 2509 603 2594 amplius
619 2507 704 2572 nihil
719 2507 850 2592 possint
867 2469 922 2572 u'el
938 2508 1084 2572 debeant
1101 2529 1214 2573 rerum
1237 2509 1470 2593 temporalium
1484 2521 1594 2593 petere.

406 2597 524 2698 Empti
534 2607 615 2662 sunt
631 2595 781 2680 insuper,
800 2595 958 2662 ducentis
973 2594 1097 2675 aureis,
1112 2595 1189 2662 libri
1202 2597 1354 2664 defuncti
1367 2597 1600 2674 concionatoris,

405 2708 462 2769 qur
454 2685 524 2750 ιι
508 2708 545 2751 rs
562 2685 662 2752 etiam
681 2685 876 2751 manebunt.
897 2685 999 2768 Quod
1012 2683 1171 2750 ramaT
1192 2687 1231 2752 P.
1251 2685 1408 2770 petimus,
1425 2689 1487 2752 hoc
1501 2697 1556 2764 est
1572 2695 1601 2749 ut

405 2774 520 2842 Societ
507 2773 585 2839 tatis
602 2773 756 2840 homines
772 2783 884 2840 certos
900 2771 1065 2839 ecclesiae
1081 2784 1218 2840 nostrae
1229 2795 1320 2840 nunc
1337 2785 1371 2843 et
1387 2797 1512 2860 semper
1521 2773 1599 2840 dern

406 2884 486 2946 ceps
510 2864 591 2928 dare
616 2861 714 2940 uelit,
737 2860 795 2944 qui
820 2859 943 2925 summi
970 2860 1086 2945 templi
1109 2862 1323 2942 concionem,
1347 2863 1516 2932 lectionem
1534 2862 1597 2928 item

406 2951 646 3036 theologicam,
665 2971 704 3015 ac
720 2951 864 3014 duarum
881 2949 1076 3050 linguarum
1098 2949 1373 3034 professionem
1364 2975 1399 3016 ιιι
1419 2951 1532 3018 scholis
1548 2971 1598 3015 uo-

404 3039 484 3105 stris
505 3061 583 3104 cum
605 3039 705 3106 laude
725 3037 911 3122 suscipiant
932 3049 967 3103 et
982 3036 1229 3105 administrent.
1249 3039 1456 3143 [inguarum
1471 3040 1596 3114 scholae,

405 3129 542 3212 quando
558 3128 728 3214 perfectae
744 3135 856 3205 erunt,
873 3125 967 3192 iuxta
984 3127 1127 3192 Patrum
1144 3128 1358 3208 sententiam,
1377 3130 1516 3213 quinque
1529 3129 1599 3194 clas-

405 3237 460 3284 ses
480 3216 708 3294 constituent,
728 3236 870 3298 quarum
895 3213 1011 3280 infima
1035 3213 1227 3282 rudimenta
1246 3218 1479 3302 grammatices
1499 3218 1597 3295 tradet,

403 3306 555 3372 secunda
571 3303 825 3389 etymologiam,
845 3303 944 3371 tertia
960 3304 1143 3388 syntaxim,
1162 3317 1284 3389 quarta
1304 3306 1432 3374 litteras
1447 3305 1598 3372 humanio

404 3415 469 3472 res,
488 3393 655 3478 poeticam
674 3412 712 3456 ac
729 3413 875 3477 graecae
891 3391 1030 3478 linguae
1046 3393 1226 3478 principia,
1249 3417 1407 3480 suprema
1426 3393 1597 3462 rhetoricam

402 3503 481 3546 cum
495 3483 680 3567 perfecta
660 3499 859 3548 oraecarum
876 3479 1089 3548 litterarum
1080 3482 1307 3551 institutione.
1321 3483 1509 3551 Lectionem
1521 3486 1597 3548 theo·

403 3569 548 3654 logicam
566 3569 732 3636 eiusmodi
748 3591 822 3636 esse
839 3569 1025 3654 oportebit,
1044 3571 1178 3672 qualem
1200 3571 1392 3638 auditorum
1414 3584 1538 3658 captus,
1552 3568 1596 3653 qui

404 3659 477 3724 ueri
499 3656 719 3726 ecclesiastici
744 3657 848 3722 futuri
873 3668 1054 3742 putantur,
1076 3659 1237 3744 requiret.
1260 3660 1428 3743 Cupimus
1451 3671 1596 3744 praeterea

403 3747 551 3814 melioris
567 3747 647 3812 honi
674 3767 790 3824 caasa,
805 3757 843 3810 ut
856 3744 964 3830 primo
982 3745 1126 3813 triennio
1139 3759 1198 3813 aut
1210 3749 1483 3830 quadrienniov.
1498 3751 1532 3816 Ρ.
1545 3767 1594 3812 nu-

403 3857 534 3901 merum
550 3838 687 3920 plenum
704 3854 772 3900 non
789 3833 901 3899 mittat
916 3856 1047 3914 eorum,
1066 3857 1152 3920 quos
1164 3835 1322 3916 diximus,
1338 3861 1381 3906 ne
1398 3835 1592 3906 aduersarios.

402 3923 438 3994 in
455 3944 597 4008 quorum
615 3923 725 3989 medio
743 3945 930 4003 uersamur,
946 3923 1086 3989 nimium
1102 3923 1285 4002 irritemus,
1300 3928 1444 3994 maxime
1455 3947 1524 3993 cum
1535 3925 1594 3989 nul-

402 4013 470 4077 lam
487 4035 555 4078 non
572 4033 688 4077 ansam
706 4012 795 4077 ultro
812 4011 957 4080 subinde
978 4025 1142 4096 quaerant
1159 4014 1361 4100 impediendi
1382 4015 1594 4082 catholicorum

402 4112 559 4167 conatus.
579 4100 724 4177 Deinde,
743 4102 834 4201 quod
850 4111 982 4166 certum
999 4102 1185 4169 habeamus
1201 4103 1384 4190 magistros
1403 4126 1469 4170 non
1484 4101 1594 4168 habitu

403 4211 459 4255 ros
474 4188 660 4274 discipulos
681 4187 813 4268 statim,
831 4189 956 4273 quibus
977 4201 1028 4256 tot
1043 4192 1169 4259 classes
1193 4192 1415 4260 constituant.
1436 4197 1595 4262 Postremo

403 4300 481 4344 cum
506 4299 609 4344 unam
633 4277 867 4346 difficultatem
895 4279 1006 4343 solum
1035 4280 1078 4344 ad
1106 4281 1294 4366 periculum
1318 4281 1504 4361 timeamus,
1526 4275 1597 4362 quod

402 4379 475 4434 tum
493 4378 640 4444 nostros,
660 4376 732 4431 tum
749 4365 929 4434 Societatis
945 4378 1080 4436 uestrae
1092 4369 1326 4436 sanctissimos
1337 4383 1483 4437 conatus
1479 4369 1596 4435 turbare

402 4465 539 4542 posset,
564 4418 647 4520 illud
668 4454 869 4540 prouinciali
893 4467 928 4522 et
951 4458 995 4522 D
1019 4458 1201 4526 Lamberto
1224 4471 1357 4527 mature
1379 4456 1595 4546 proposuimus.

458 4659 463 4690 '
504 4657 657 4732 Marquard
671 4674 729 4714 von
742 4659 905 4716 Hattstein.
1199 4667 1211 4698 ¹
1249 4663 1396 4720 Antonius
1414 4664 1509 4720 Vinclr.
