3404 5380
384 521 437 590 24⁶
459 535 462 540 ·
770 521 874 576 Errsr.
894 518 928 572 P.
949 515 1152 586 Narrat-433

342 671 488 754 lettioni;
506 694 562 739 ma
582 674 727 741 essendo
743 671 775 739 io
791 672 825 738 in
847 669 1067 759 lngolstadio,
1086 667 1306 736 risolueremo
1322 677 1442 751 questo
1459 685 1522 730 con
1547 665 1595 731 la

343 787 460 854 diuina
476 787 598 874 gratia,
617 787 774 856 tredendo
788 788 832 853 de
848 806 916 852 non
932 805 1090 872 grauate,
1105 795 1139 852 et
1154 783 1359 870 seguitando
1374 782 1395 846 l’
1409 779 1591 847 intentio-

283 891 285 896 ’
344 925 388 970 ne
403 905 468 970 che
483 912 635 970 muostra
651 904 683 968 la
700 905 736 968 P.
752 904 795 968 V.
814 901 850 967 in
863 910 984 985 questa
998 920 1062 966 sua
1076 900 1208 965 lettera.
1224 897 1261 966 Si
1273 898 1355 964 dara
1370 895 1488 963 ordine
1502 916 1587 961 corr

345 1018 378 1084 la
393 1017 503 1104 gratia
519 1019 573 1084 del
591 1017 738 1104 Signore
750 1015 784 1084 di
800 1015 1012 1084 accomodar'
1030 1013 1054 1080 li
1070 1012 1163 1080 conti
1176 1015 1226 1080 ira
1242 1011 1266 1078 li
1281 1012 1426 1081 francesi
1443 1022 1477 1080 et
1492 1013 1583 1076 the-

346 1133 475 1214 deschi,
493 1144 528 1200 et
544 1135 608 1201 che
623 1132 652 1200 si
672 1132 805 1201 rihabbi
822 1131 845 1198 il
872 1130 996 1197 viatico
1018 1133 1082 1196 che
1103 1133 1131 1197 s'
1153 1130 1173 1196 ὁ
1193 1130 1273 1196 dato
1289 1149 1349 1214 per
1376 1127 1476 1214 quelli
1504 1131 1590 1194 che·

346 1270 431 1315 sono
447 1259 587 1329 venuto,
606 1257 640 1316 et
661 1259 782 1332 questo
799 1257 929 1333 quanto
957 1245 1015 1332 piri
1035 1255 1150 1332 presto
1170 1245 1199 1312 si
1218 1247 1353 1331 puotra,
1383 1254 1417 1310 et
1444 1242 1472 1310 si
1498 1241 1584 1309 dira

345 1363 448 1430 etiam
465 1363 544 1432 delli
566 1383 627 1430 100
649 1380 680 1435 V
702 1365 745 1429 de
764 1361 917 1429 Polonia.
934 1363 1088 1428 Essendo
1100 1360 1133 1428 io
1144 1360 1180 1427 in
1195 1359 1335 1446 Dilinga
1350 1358 1589 1425 conferiremo

345 1479 414 1544 co'l
438 1477 608 1544 cardinale
635 1477 659 1552 li
687 1477 784 1563 punti
812 1479 877 1546 che
893 1479 935 1544 V.
954 1479 994 1543 P.
1017 1479 1063 1542 ha
1083 1475 1191 1543 notati
1212 1477 1268 1541 nel
1282 1483 1463 1555 contrattO,
1482 1487 1518 1540 et
1546 1473 1585 1540 si

345 1592 444 1660 finita
460 1593 529 1680 gia,
551 1613 649 1660 corne
669 1594 713 1660 V.
734 1595 772 1659 Ρ.
795 1591 882 1673 dice,
900 1613 965 1658 con
987 1593 1019 1658 la
1041 1589 1157 1658 diuina
1172 1589 1294 1677 gratia.
1313 1591 1354 1656 L'
1371 1588 1584 1669 intentione,

347 1708 469 1790 Padre,
487 1708 530 1776 de
546 1709 627 1774 dare
639 1705 696 1774 doi
709 1705 826 1774 mastri
842 1705 878 1772 in
895 1708 1070 1793 Augusta,
1084 1705 1108 1771 li
1120 1705 1212 1792 quali
1222 1706 1394 1791 priuatim
1410 1703 1582 1790 insegna-

346 1845 422 1889 sero
438 1835 474 1888 et
493 1825 646 1890 facesero
666 1823 788 1890 alcuna
810 1823 955 1889 formula
970 1821 1014 1890 de
1033 1820 1179 1907 collegio
1199 1823 1219 1888 ὲ
1239 1841 1318 1886 cosa
1335 1821 1392 1906 gia
1406 1821 1440 1884 d'
1458 1819 1581 1886 alcuni

347 1937 571 2007 anniofferita
583 1937 615 2003 al
626 1937 797 2005 cardinale
812 1940 834 2019 ¹;
845 1949 880 2004 et
893 1958 952 2023 per
965 1946 1086 2021 questo
1098 1935 1273 2017 intento,o
1286 1956 1369 2002 uero
1380 1948 1439 2020 pe'r
1451 1937 1575 2002 lrauer'

347 2053 407 2138 piri
419 2052 578 2139 operarij,
592 2055 656 2119 che
667 2054 687 2118 e
699 2051 758 2138 piir
770 2050 993 2138 obligatione,
1003 2054 1047 2117 ha
1058 2053 1138 2118 dato
1151 2051 1262 2135 questi
1275 2050 1356 2117 anni
1367 2049 1391 2114 il
1403 2050 1581 2118 cardinale

349 2183 414 2250 500
432 2165 556 2246 fiorini,
579 2168 669 2232 doue
689 2189 757 2233 non
779 2168 868 2233 daua
884 2189 921 2235 se
937 2187 1006 2235 non
1032 2185 1109 2247 200,
1127 2175 1162 2234 et
1179 2171 1292 2232 tamen
1308 2165 1375 2232 mai
1391 2163 1581 2231 habbiamo

348 2285 492 2348 hauutto
508 2283 541 2349 la
556 2281 648 2367 dipoi
664 2284 728 2350 che
744 2280 906 2368 pigliamo
923 2299 989 2364 700
1009 2280 1132 2361 fiorini,
1149 2280 1224 2347 cioe
1242 2296 1306 2364 500
1326 2280 1384 2346 dal
1402 2279 1582 2348 cardinale

348 2407 383 2465 et
399 2416 463 2463 200
478 2395 559 2463 dalli
575 2395 743 2477 canonici,
763 2419 800 2465 se
817 2418 886 2462 non
902 2419 948 2462 vn
970 2395 1182 2482 predicatore
1196 2405 1231 2462 et
1247 2417 1295 2460 un
1311 2395 1523 2476 confessore3
1541 2405 1580 2462 et

348 2511 382 2578 di
399 2524 520 2597 questo
535 2512 564 2578 si
579 2512 730 2578 lamento
746 2532 813 2578 con
830 2532 926 2578 meco
942 2511 966 2576 il
981 2510 1165 2591 cardinale,
1179 2519 1213 2576 et
1225 2510 1313 2576 saria
1330 2510 1496 2596 raggione
1512 2513 1585 2578 che

349 2629 503 2695 almarico
522 2635 652 2694 stasero
671 2627 695 2692 li
720 2626 816 2693 diece
840 2627 882 2692 de
907 2625 1026 2706 nostri,
1045 2626 1193 2694 uolendo
1209 2625 1342 2712 pigliar'
1366 2645 1430 2708 700
1449 2623 1582 2706 fiorini,

350 2743 401 2809 fra
423 2743 447 2807 li
467 2742 557 2827 quali
580 2742 715 2808 sariano
736 2742 793 2809 doi
811 2741 941 2822 mastri,
971 2741 994 2807 li
1010 2740 1102 2826 quali
1113 2743 1284 2826 priuatim
1300 2743 1421 2807 dentro
1437 2741 1480 2809 de
1496 2761 1579 2807 casa

350 2858 590 2941 insegnassero
610 2859 748 2924 alchuni
769 2858 843 2945 puti
863 2869 898 2925 et
918 2857 1058 2945 giouani
1084 2855 1204 2944 figlioli
1230 2858 1273 2924 de
1300 2855 1471 2938 catholici,
1489 2866 1525 2924 et
1544 2860 1577 2922 s'

350 2973 544 3040 hauerebbe
571 2973 606 3038 di
622 2974 695 3038 dar’
720 2995 787 3040 uno
809 2976 873 3044 che
895 2974 1006 3042 lacese
1022 2975 1055 3040 la
1069 2971 1220 3040 dottrina
1236 2972 1431 3040 christiana.
1450 2973 1583 3057 Quello

349 3090 413 3156 che
429 3087 464 3153 di
480 3087 538 3172 piri
553 3087 583 3153 si
599 3087 801 3173 significaua
818 3112 838 3156 a
855 3091 898 3156 V.
916 3092 955 3156 P.
971 3090 1002 3170 ὁ,
1021 3091 1086 3157 che
1102 3088 1125 3155 il
1142 3091 1182 3154 P.
1199 3087 1338 3155 Canisio
1350 3090 1393 3156 da
1405 3110 1454 3170 se,
1472 3109 1579 3156 senza

349 3202 490 3270 hauerlo
506 3215 630 3289 saputo
647 3203 680 3268 io
695 3203 807 3271 insino
827 3227 848 3271 a
868 3202 990 3291 hoggi,
1008 3208 1053 3270 ha
1079 3202 1248 3271 destinato
1266 3219 1330 3287 500
1346 3201 1458 3269 fiorini
1474 3206 1538 3270 che
1555 3202 1579 3267 li

351 3327 529 3386 restorono
550 3318 606 3384 del
632 3317 756 3384 viatico
777 3320 832 3388 del
853 3341 939 3406 papa
968 3318 1030 3386 Pio
1056 3318 1122 3402 4⁰,
1141 3329 1176 3387 et
1191 3320 1271 3385 dato
1287 3318 1322 3384 in
1343 3317 1496 3404 deposito
1512 3319 1582 3384 alla

351 3434 379 3498 F
381 3435 507 3500 uchera
523 3453 583 3519 per
604 3433 837 3501 incominciar'
859 3458 879 3501 a
900 3435 961 3501 far'
979 3436 1126 3501 alchuna
1142 3433 1273 3501 rendita
1290 3455 1349 3519 per
1368 3434 1481 3518 quella
1496 3435 1578 3500 sun·

351 3548 501 3630 datione,
515 3558 550 3616 et
561 3550 594 3614 la
605 3549 633 3614 F
636 3552 763 3616 uchera
775 3553 819 3616 ha
832 3549 1000 3637 aggionto
1017 3569 1078 3616 100
1090 3549 1214 3632 fiorini,
1228 3561 1263 3616 et
1273 3552 1389 3616 hanno
1401 3571 1447 3614 vn
1462 3549 1586 3634 legato

352 3664 394 3730 de
408 3664 473 3730 800
485 3663 596 3730 fiorini
608 3685 646 3732 se
658 3664 686 3730 si
698 3667 733 3732 fa
744 3666 891 3732 alchuna
906 3686 986 3733 cosa
1002 3665 1037 3732 in
1049 3666 1212 3751 Augusta
1224 3687 1284 3751 per
1299 3666 1332 3730 la
1349 3662 1578 3750 Compagnia,

353 3791 387 3846 et
414 3800 512 3865 spera
539 3780 625 3848 altre
652 3800 731 3846 cose
751 3791 834 3862 etc.;
860 3803 915 3850 ma
940 3781 973 3847 io
989 3781 1097 3848 laceio
1113 3801 1198 3867 poco
1214 3791 1317 3847 conto
1336 3780 1371 3846 di
1387 3781 1524 3864 questo,
1543 3790 1580 3845 et

353 4029 505 4087 roman0,
523 4031 544 4075 o
560 4009 757 4078 riseruatosi
769 4034 829 4097 per
841 4012 874 4080 le
889 4011 1058 4081 necessita
1073 4012 1211 4078 comuni
1222 4013 1311 4078 della
1322 4010 1509 4098 prouincia3
1523 4033 1582 4079 ma

355 4123 500 4190 tuttavia
511 4123 558 4190 mi
571 4147 664 4210 pare,
682 4127 804 4208 Padre,
824 4130 888 4194 che
903 4125 1077 4214 pigliando
1094 4145 1159 4211 700
1175 4125 1285 4193 fiorini
1301 4127 1385 4193 certi
1401 4125 1585 4194 habbianro

353 4238 389 4303 di
410 4239 480 4307 fare
501 4241 646 4323 qualche
668 4262 749 4308 cosa
768 4241 827 4327 pid
850 4243 884 4308 di
912 4243 1026 4326 quello
1053 4245 1117 4309 che
1145 4241 1321 4325 facciam0,
1340 4251 1373 4310 et
1390 4253 1510 4326 questa
1525 4244 1547 4308 ὲ
1562 4243 1585 4307 l’

355 4352 456 4420 unica
469 4353 524 4420 via
536 4376 597 4440 per
609 4355 740 4424 alutare
752 4359 864 4441 quella
878 4377 956 4424 casa
969 4359 1003 4424 d’
1018 4360 1193 4444 Augusta,
1207 4360 1272 4426 che
1284 4355 1395 4423 insino
1407 4357 1528 4425 adesso
1541 4359 1587 4424 ha

353 4466 468 4534 visuto
482 4470 547 4535 alla
561 4471 810 4555 secolarescha,
825 4485 859 4540 et
872 4495 931 4560 per
947 4484 1070 4558 questo
1086 4472 1217 4540 intento
1233 4471 1258 4537 il
1269 4471 1440 4540 cardinale
1455 4471 1587 4540 cidara

356 4581 553 4598 ·-—--—·-

410 4629 416 4661 ¹
456 4626 531 4683 Vide
551 4629 652 4702 Epist.
675 4630 793 4704 Natat,
807 4633 846 4703 Il,
863 4644 929 4703 ¹403
948 4641 979 4688 et
991 4634 1263 4702 Barnnsnrrcrr,
1277 4635 1336 4690 loc.
1353 4632 1421 4705 cit„
1443 4632 1498 4704 111,
1515 4633 1582 4702 672·

353 4712 417 4786 677,
432 4725 493 4772 etc.

1698 1357 1699 1400 l

1698 1408 1699 1464 l

1698 3110 1699 3183 l

1698 3185 1699 3248 l

352 3893 491 3962 hauerei
508 3893 566 3979 piri
583 3897 701 3961 uoluto
716 3899 781 3963 che
796 3895 820 3961 li
837 3911 902 3981 500
917 3897 1028 3963 fiorini
1044 3897 1074 3964 si
1091 3897 1204 3964 fusero
1216 3895 1366 3962 mandati
1382 3898 1413 3962 al
1429 3895 1584 3981 collegio
