3482 5386
665 507 832 563 Α1>1>111111111
1267 511 1320 582 785

115 657 288 744 quidem,
314 680 394 726 cum
421 668 518 728 certo
545 659 662 740 sciam,
681 658 843 744 quicquid
869 659 944 726 eius
971 661 1177 729 Reuerentia
1203 664 1358 749 promisit

116 747 219 828 mihi,
241 749 283 814 id
309 748 512 815 mutandum
535 769 605 814 non
632 769 731 816 esse:
758 747 828 815 imo
851 750 986 816 confido
1013 751 1239 819 Reuerentiae
1265 751 1357 821 illius

116 838 233 903 verba
251 838 402 906 certiora
417 858 505 917 esse,
524 858 625 921 quarn
641 836 669 903 si
685 837 800 904 literas
816 838 929 925 sigillo
946 839 1097 914 firmatas
1112 841 1228 907 ameis
1240 841 1358 909 amicis

118 927 309 996 haberem.
328 929 413 995 Sum
429 926 564 993 interim
580 926 615 992 in
631 927 723 992 bona
737 947 797 1011 spe
813 929 897 1007 fore,
911 949 990 994 cum
1003 949 1098 995 soror
1110 931 1305 1016 Margareta
1315 953 1359 998 ex

120 1037 163 1082 eo
180 1015 267 1102 ipso
284 1015 487 1084 intellexerit
503 1014 680 1101 negotium
695 1017 761 1082 hoc
776 1015 826 1082 sic
842 1038 918 1084 esse
932 1017 1149 1098 conclusum,
1167 1021 1259 1104 quod
1276 1029 1358 1086 tunc

121 1114 157 1170 et
187 1103 273 1190 ipsa
300 1105 365 1173 erit
386 1107 451 1170 hac
474 1103 704 1170 transactione
727 1115 899 1172 contenta.
926 1107 969 1171 Et
992 1104 1113 1174 merito
1136 1129 1229 1175 sane.
1258 1110 1359 1194 Rogo

121 1194 288 1274 demum,
302 1203 341 1258 vt
352 1215 408 1261 me
419 1213 559 1279 prorsus
570 1202 606 1259 et
621 1192 788 1259 submisse
802 1194 895 1260 Patri
910 1196 1139 1274 commendes
1159 1198 1254 1263 uelut
1268 1196 1360 1264 indi-

121 1303 237 1368 gnam
256 1281 363 1348 filiam
379 1292 518 1348 sanctae
534 1281 726 1350 Societatis
745 1283 788 1346 Et
811 1282 896 1348 sciat
919 1284 986 1350 hoc
1006 1293 1116 1364 cert0,
1139 1285 1301 1370 quicquid
1323 1285 1360 1353 in

122 1371 300 1437 facultate
316 1392 391 1438 mea
407 1369 525 1450 suerit,
548 1370 582 1435 id
598 1392 652 1436 me
668 1369 789 1436 diebus
811 1371 945 1437 cunctis
968 1371 1061 1440 uitae
1083 1394 1179 1441 meae
1202 1375 1361 1443 lubenter

121 1458 364 1526 exhibituram
380 1457 543 1527 Societati
559 1459 652 1538 huic,
666 1457 767 1525 etiam
780 1462 871 1544 apud
884 1459 1068 1546 principem
1081 1461 1259 1544 Bauariae‚
1274 1474 1310 1530 et
1325 1463 1360 1530 in
1424 1531 1426 1540 ,

121 1546 223 1614 omni
250 1549 369 1628 mode,
386 1546 446 1612 ubi
470 1557 504 1615 et
528 1548 664 1632 quando
687 1545 854 1633 indigebit
881 1549 1035 1617 Societas
1058 1571 1161 1635 opera
1184 1574 1270 1620 mea.
1290 1553 1361 1618 lmo

122 1635 362 1703 substantiam
383 1657 518 1702 omnem
539 1646 574 1704 et
590 1636 694 1702 vitam
715 1657 776 1721 pro
793 1637 966 1706 Societate
985 1638 1059 1725 ipsa
1073 1639 1195 1707 vellem
1217 1642 1360 1726 profun-

122 1726 224 1804 dere,
246 1724 278 1791 si
294 1725 357 1810 ipsi
370 1725 549 1790 commodo
569 1745 644 1792 esse
659 1734 786 1810 posset.

194 1815 231 1880 A
251 1819 360 1902 tergo,
376 1835 483 1878 manu
498 1814 717 1902 Jt'menez:†
744 1815 945 1900 Exemplum
961 1813 1124 1900 epistolae
1139 1816 1267 1901 primae
1282 1839 1361 1903 per-

126 1923 242 1969 sonae
259 1903 304 1968 ad
318 1901 509 1992 D[irsium].

679 2071 830 2138 XXXVI

578 2201 783 2260 ANTONIUS
803 2201 927 2258 VINCK

416 2341 577 2389 SANCTO
608 2341 842 2388 FRANCISCO
872 2341 925 2387 DE
957 2341 1088 2404 BORJA

465 2453 677 2540 Mogurrtiae,
692 2471 735 2520 20
746 2453 900 2541 Januarii
921 2453 1002 2537 1567
1019 2455 1040 2520 ¹.

384 2585 514 2660 Collegit
523 2587 699 2660 moguntini
711 2604 759 2640 res
772 2605 791 2640 a
804 2586 912 2640 Natali
924 2588 1120 2642 ordinantur.

207 2702 299 2771 Dalli
319 2721 357 2786 17
370 2704 424 2770 del
441 2724 534 2770 mese
549 2713 685 2789 passato
702 2704 748 2768 fin
765 2724 833 2787 qua
848 2705 868 2769 e
883 2713 973 2771 stato
984 2703 1008 2768 iI
1020 2706 1106 2771 Rdo.
1124 2707 1162 2771 P.
1180 2707 1280 2773 Mtro.
1296 2708 1363 2774 Na·

136 2792 194 2858 dal
211 2793 250 2858 in
267 2803 390 2876 questo
405 2791 549 2878 collegio
566 2793 781 2878 moguntin0,
800 2793 1009 2860 attendendo
1021 2793 1064 2859 ad
1075 2794 1233 2880 adgiutar
1248 2818 1268 2862 a
1284 2796 1364 2861 tutti

138 2882 210 2948 noi.
230 2885 387 2949 Domane
403 2903 509 2966 penso
525 2883 707 2949 anderemo
719 2882 750 2946 al
767 2884 864 2948 Rmo.
884 2883 1111 2967 moguntino’
1128 2884 1172 2949 ad
1188 2884 1363 2952 Asschen-

137 2970 268 3057 burge,
278 2971 367 3036 doue
380 2992 479 3056 spero
491 2970 520 3036 si
533 2973 672 3036 trattati
683 2972 771 3036 della
785 2971 983 3036 fundatione
993 2971 1028 3036 di
1041 2982 1160 3055 questo
1173 2973 1361 3058 collegio...

140 3059 207 3127 Del
230 3061 338 3124 frutto
360 3070 394 3126 et
413 3058 522 3125 vtilitai
543 3060 631 3125 della
654 3059 846 3127 visitatione
867 3061 922 3127 del
943 3061 1028 3126 Rdo.
1054 3061 1094 3126 P.
1113 3062 1223 3127 NadaI
1242 3065 1364 3128 adesso

138 3169 208 3214 non
226 3147 381 3215 scriuerb
397 3147 522 3227 niente,
542 3150 607 3213 che
618 3147 724 3214 sarria
736 3158 857 3232 troppo
869 3148 1023 3233 prolisso.
1041 3152 1107 3215 Per
1118 3151 1202 3217 altre
1215 3150 1364 3217 scriuerb

138 3236 255 3304 dando
270 3236 367 3303 auiso
383 3238 437 3302 del
454 3247 554 3303 tutto.
573 3236 768 3304 Solamente
784 3237 858 3304 dirb
871 3248 1006 3321 questo:
1021 3239 1085 3304 che
1097 3237 1120 3303 il
1134 3239 1219 3303 Rdo.
1237 3241 1276 3304 Ρ.
1293 3241 1364 3305 Na-

138 3325 195 3392 dal
211 3337 281 3391 non
305 3325 333 3392 si
354 3336 456 3391 tratta
476 3325 563 3391 assai
583 3327 688 3405 bene,
708 3329 751 3392 ne
775 3335 939 3411 permette
963 3327 1027 3392 che
1049 3325 1107 3391 noi
1130 3327 1162 3392 lo
1187 3326 1361 3406 facciamo‚

137 3415 302 3481 hauendo
325 3424 475 3498 respetto
498 3414 553 3479 alli
574 3414 649 3480 suoi
671 3415 817 3500 trauagli
840 3426 875 3482 et
894 3418 961 3480 eti.
981 3415 1016 3479 Io
1035 3415 1190 3499 penuaria
1211 3419 1276 3482 che
1295 3437 1363 3481 non

140 3503 248 3570 sarria
264 3503 351 3570 male
367 3505 431 3570 che
448 3505 490 3570 V.
510 3505 550 3569 R.
571 3505 611 3570 Ρ.
629 3503 652 3567 11
669 3503 926 3570 commendasse
942 3505 1005 3568 che
1018 3505 1073 3569 nel
1085 3524 1240 3588 gouerno
1255 3504 1290 3569 di
1302 3525 1366 3571 sua

140 3613 289 3676 persona
305 3591 332 3658 si
348 3593 492 3658 lassasse
508 3613 679 3678 gouernar
695 3593 774 3658 dalli
791 3591 991 3677 prouinciali
1008 3602 1042 3657 et
1059 3592 1184 3659 rettori.

676 3761 840 3828 XXXVII

574 3883 811 3940 LAMBERTUS
832 3883 939 3939 AUER

424 4011 584 4060 sancro
616 4013 849 4060 Funuctsco
881 4013 933 4060 us
964 4011 1095 4072 aonJA
1153 4007 1157 4016 ·

499 4115 711 4201 Mogontiae‚
728 4137 746 4200 3
761 4116 872 4184 Martii
889 4118 971 4199 1567
985 4119 1010 4182 ³.

465 4239 513 4297 De
533 4240 654 4314 collegii
675 4242 820 4312 spiramis
835 4239 1034 4313 fundatione.

209 4347 386 4429 Maximus,
404 4359 440 4416 et
456 4371 521 4435 qua
535 4349 633 4417 decet
645 4349 874 4431 obseruantia,
889 4349 1016 4436 gratias
1029 4371 1095 4438 ago
1107 4353 1148 4417 R.
1168 4353 1206 4417 Ρ.
1223 4351 1283 4429 V.,
1297 4349 1368 4435 pri-

195 4498 204 4530 ¹
241 4499 287 4554 Ex
300 4500 492 4571 autographo,
508 4499 539 4553 in
553 4497 625 4554 Coti.
639 4513 677 4568 29
687 4499 733 4572 g),
750 4497 803 4553 303
815 4501 905 4569 (517).
924 4499 1000 4556 Vide
1014 4517 1083 4573 pag.
1101 4499 1168 4557 382.

196 4591 208 4622 ¹
245 4588 350 4644 Daniel
366 4588 491 4643 Brendel
506 4589 543 4643 ab
555 4589 723 4660 Homburg.

197 4677 210 4709 ³
247 4677 292 4732 Ex
304 4679 494 4749 autographo,
509 4677 540 4733 in
555 4677 627 4734 Cod.
642 4693 680 4750 29
691 4681 740 4753 g),
754 4677 806 4733 313
819 4676 909 4748 (530).
926 4678 1002 4733 Vide
1015 4695 1086 4751 pag.
1103 4677 1166 4746 3683
1180 4677 1244 4748 3823
1258 4685 1289 4734 et
1298 4691 1363 4749 405.

282 4799 368 4846 Errsr.
383 4800 410 4846 P.
426 4801 526 4856 Nabar,
542 4812 600 4846 rou.
618 4801 666 4846 111.
1212 4801 1240 4846 tto
