3482 5386
680 503 846 562 Assauntx
871 513 876 522 ·

744 658 777 722 Χ

487 773 526 834 Ρ.
547 773 833 836 THEODORICUS
852 775 1037 835 CANISIUS

436 913 597 963 SANCTO
621 915 856 964 FRAthsco
880 917 932 964 DE
954 915 1086 977 1301th

526 1025 697 1114 Diiingae,
719 1045 758 1116 19
775 1027 857 1113 Maji
877 1028 960 1112 1566
975 1031 997 1094 ¹.

568 1160 690 1215 Natalis
699 1165 786 1234 gesta
800 1161 960 1234 Ditingoe.

215 1275 320 1344 Venit
331 1277 402 1341 huc
413 1275 588 1362 Dilingam
600 1275 795 1362 praedictus
807 1279 910 1342 Pater
922 1275 1075 1363 (Natalis)
1088 1273 1172 1342 feria
1184 1272 1284 1342 tertia
1296 1282 1375 1358 post

154 1365 271 1434 testum
284 1363 541 1431 resurrectionis
553 1367 579 1444 ἶ,
598 1363 852 1433 exhortationes
858 1365 987 1449 aliquot
997 1362 1127 1444 habuit,
1141 1361 1375 1429 confessiones

152 1473 234 1538 pene
250 1453 404 1520 omnium
424 1453 573 1539 excepit,
592 1454 815 1530 difficultates,
830 1464 963 1520 nostras
984 1452 1184 1538 praecipuas
1204 1449 1370 1518 intelexit.

152 1541 293 1608 Vnicum
306 1555 495 1626 supererat,
509 1553 547 1608 vt
559 1553 636 1628 post
647 1542 763 1609 audita
775 1541 902 1622 omnia,
916 1540 1001 1610 certi
1013 1541 1085 1627 ipse
1101 1540 1229 1626 aliquid
1244 1537 1373 1605 consti-

153 1643 270 1711 tueret,
285 1643 320 1696 et
335 1629 463 1696 morbis
475 1629 599 1697 nostris
616 1631 765 1700 remedia
779 1639 873 1699 certa
889 1629 1145 1716 praescriberet.
1164 1631 1294 1697 Verum
1310 1647 1375 1694 nos

154 1741 223 1786 eam
239 1732 312 1786 tum
329 1717 473 1805 gratiam
490 1718 600 1786 meriti
617 1741 685 1786 non
702 1741 832 1801 sumus;
851 1729 975 1785 octauo
990 1715 1081 1784 enim
1101 1729 1180 1803 post
1199 1717 1256 1785 die
1272 1736 1373 1801 quam

154 1810 218 1874 huc
236 1805 390 1888 venerat,
407 1827 489 1876 ecce
510 1829 643 1874 summo
664 1829 775 1890 mane,
794 1817 928 1894 praeter
951 1828 1085 1874 omnem
1102 1805 1372 1892 expectationem

156 1906 313 1978 nostram,
339 1898 534 1982 Augustam
559 1907 752 1976 reuocatur‚
781 1895 896 1982 ibique
923 1897 966 1962 ad
993 1899 1111 1963 horam
1140 1893 1271 1980 prandii
1298 1913 1375 1960 esse

156 1983 288 2052 iubetur
298 1986 420 2052 eodem
436 1985 509 2068 die;
527 2007 616 2071 quae
637 2007 692 2052 res
718 2007 788 2052 non
814 1985 926 2071 potuit
948 2007 1017 2051 non
1040 1983 1254 2050 incommode
1274 1979 1374 2048 nobis
1407 2061 1418 2068 .

156 2073 326 2225 {cuidem
359 2073 418 2159 qui
451 2075 526 2142 talis
555 2073 678 2141 medici
709 2073 901 2161 praesentia
931 2074 1112 2160 plurimum
1144 2073 1257 2138 adhuc
1288 2091 1372 2156 ege·

177 2183 311 2230 amus..

737 2333 786 2398 XI

555 2465 592 2520 B.
609 2463 762 2521 PETRUS
776 2461 958 2521 CANISIUS

473 2600 612 2649 SANCTO
636 2601 836 2649 FRANCISCO
859 2555 907 2648 Db
931 2599 1045 2662 BORJA

535 2712 707 2800 Dilingae‚
726 2711 838 2802 6Julii
860 2713 981 2798 15665.

245 2844 429 2900 Provinciae
438 2861 607 2918 germanae
619 2845 786 2916 superioris
797 2845 935 2918 regimen
948 2863 968 2900 a
980 2845 1089 2900 Natali
1098 2843 1272 2898 ordinatur.

271 2962 395 3045 Qualia
410 2961 445 3026 di
462 2962 502 3027 28
519 2959 553 3026 di
570 2961 711 3048 Giugno
727 2962 772 3026 ho
792 2971 932 3028 receuto
953 2983 1018 3028 con
1039 2959 1061 3026 l’
1077 2962 1162 3028 altre
1183 2960 1239 3026 del
1260 2958 1372 3027 cardi-

149 3162 319 3218 discedendi
333 3163 358 3218 si
371 3161 442 3237 quid
459 3171 560 3219 contra
577 3163 714 3233 dogmata
730 3162 849 3218 concilii
866 3163 1017 3218 tridentini
1035 3170 1214 3219 statueretur
1227 3162 1257 3217 in
1275 3161 1371 3226 dieta,

150 3260 257 3306 etcum
270 3251 328 3306 iam
342 3259 480 3323 ageretur
492 3252 529 3306 de
542 3251 740 3307 confirmanda
753 3268 824 3324 pace
836 3251 914 3307 facta
926 3252 964 3307 de
977 3269 1053 3308 anno
1072 3247 1083 3306 t
1088 3265 1139 3321 555
1158 3252 1187 3306 in
1206 3267 1366 3321 congrega·

149 3341 236 3408 tione,
251 3339 305 3395 ubi
314 3349 377 3396 erat
387 3341 450 3413 ipse
460 3343 576 3413 legatus
585 3340 740 3396 cardinalis
751 3348 941 3411 augustanus,
954 3341 1074 3397 nuntius
1085 3341 1171 3408 Bitia,
1182 3339 1281 3411 Scipio
1296 3339 1370 3394 Lan-

150 3431 297 3499 cellottus‚
312 3429 427 3486 auditor
441 3437 534 3502 rotae,
548 3431 582 3485 P.
597 3430 722 3502 Natalis,
735 3429 882 3495 Canisius,
900 3429 1055 3498 Ledesma,
1070 3429 1223 3501 Aloysius,
1236 3445 1253 3498 4
1271 3427 1371 3483 Socie-

150 3519 217 3575 tatis
227 3521 310 3591 Jesu,
322 3536 357 3574 ac
366 3519 501 3575 dominus
512 3519 650 3575 Nicolaus
660 3523 765 3591 anglus
776 3521 942 3590 theologus,
953 3527 983 3575 et
993 3537 1061 3591 ego,
1072 3518 1222 3591 proposuit
1234 3518 1289 3572 tria
1298 3515 1371 3572 dub·

151 3609 207 3666 bia:
221 3610 329 3674 Primo,
343 3626 382 3664 an
394 3609 577 3664 confirmatio
589 3609 668 3681 pacis
684 3621 751 3678 1555
764 3618 845 3664 esset
856 3617 957 3665 contra
968 3610 1105 3680 dogmata
1125 3606 1243 3662 concilii
1262 3606 1374 3662 triden-

150 3698 213 3754 tini:
229 3700 281 3767 2.⁰,
295 3697 507 3770 praesupposito
519 3697 598 3770 quod
611 3706 691 3752 esset
704 3698 837 3769 dubium,
848 3715 885 3754 an
898 3698 1022 3754 deberet
1035 3697 1124 3753 etiam
1144 3713 1180 3751 eo
1194 3713 1265 3750 casu
1275 3702 1372 3768 prote·

150 3787 221 3843 stari
233 3794 264 3842 et
276 3785 438 3842 discedere.
452 3785 503 3854 3.⁰,
518 3785 586 3842 dato
598 3786 675 3859 quod
685 3789 858 3859 protestatio
871 3795 951 3842 esset
964 3785 1141 3856 necessaria,
1151 3802 1209 3858 quo
1220 3783 1330 3857 [pacto]
1342 3799 1374 3839 et

150 3893 207 3950 qua
217 3876 267 3931 via
282 3885 383 3947 posset
395 3875 459 3930 fieri
472 3876 536 3930 sine
550 3873 751 3946 indignatione
765 3876 910 3950 Caesaris,
922 3885 952 3931 et
964 3893 1017 3949 pro
1029 3873 1254 3930 conseruatione
1267 3873 1373 3930 iurium

151 3965 230 4021 sedis
243 3965 432 4036 apostolicae.
443 3963 564 4032 Omnes,
578 3975 703 4036 excepto
716 3981 775 4020 uno
788 3965 962 4036 Lacellotto,
973 3963 1091 4020 fuerunt
1104 3965 1134 4019 in
1150 3970 1219 4018 uoto
1232 3963 1309 4036 quod
1322 3977 1376 4035 per

149 4052 317 4109 huiusmodi
339 4053 590 4109 confirmationem
612 4068 670 4109 non
692 4053 940 4126 praeiudicaretur
958 4053 1085 4108 concilio
1101 4051 1260 4124 praeterito
1277 4049 1373 4124 quoad

147 4141 295 4213 dogmata,
305 4141 401 4214 quoad
413 4153 483 4196 mm
496 4159 502 4196 :
517 4140 613 4215 quoad
624 4153 696 4196 aum
706 4186 713 4210 ‚
725 4152 866 4214 quantum
877 4144 932 4198 hoc
942 4151 1022 4197 esset
1031 4142 1165 4213 dubium,
1175 4141 1305 4211 legatum
1315 4157 1375 4195 non

147 4231 256 4286 debere
270 4231 426 4302 protestari
439 4248 494 4286 nec
507 4229 670 4286 discedere.
686 4231 791 4302 Quoad
805 4231 877 4286 &um
887 4271 897 4297 ‚
909 4231 965 4287 ruit
977 4231 1150 4303 protestatio
1164 4237 1278 4285 secreta
1290 4247 1307 4285 a
1324 4228 1374 4285 die

149 4319 283 4390 notitiae,
295 4335 362 4374 curn
376 4319 453 4375 facta
467 4321 562 4392 patarn
575 4327 677 4392 posset
694 4337 761 4375 esse
779 4337 867 4376 causa
884 4321 983 4390 magni
1000 4319 1130 4375 scandali
1148 4327 1179 4375 et
1195 4319 1376 4390 schismatis,

147 4416 179 4463 et
191 4409 307 4480 legatus
320 4407 549 4481 prudentissime
562 4410 593 4464 in
606 4426 638 4464 re
652 4418 710 4465 tam
724 4409 813 4464 dubia
827 4417 858 4464 et
871 4409 1034 4481 periculosa
1047 4426 1080 4464 se
1093 4410 1203 4480 gessit.

202 4497 210 4530 ¹
249 4500 293 4553 Ex
307 4501 498 4570 autographo,
514 4499 544 4554 in
560 4498 636 4554 Cod.
653 4512 692 4568 29
699 4497 745 4572 s),
760 4515 790 4554 n.
806 4498 857 4553 218
871 4503 960 4570 (121).
979 4499 1054 4553 Vide
1067 4515 1138 4570 pag.
1155 4497 1200 4552 63.

202 4591 214 4623 ¹
253 4587 284 4643 ld
298 4596 354 4658 est,
368 4588 416 4643 die
432 4588 465 4642 16
479 4589 602 4659 Aprilis.

205 4679 218 4711 ⁵
253 4679 299 4734 Er
311 4680 483 4751 archetypo,
497 4679 527 4734 in
540 4679 641 4752 Epist.
661 4679 789 4746 Caunii,
805 4677 842 4749 11,
856 4695 889 4733 n.
909 4689 969 4747 171.
984 4676 1060 4733 Vide
1073 4695 1140 4751 pag.
1158 4689 1218 4748 1973
1232 4687 1263 4734 et
1276 4691 1339 4747 242.
