3414 5374
400 425 456 480 632
789 426 893 481 Errsr.
914 424 947 478 P.
969 420 1173 491 Nem-534

364 589 484 646 stanze
501 577 543 644 de
560 578 665 664 tempi
681 600 753 645 non
774 597 934 657 verran0,
951 589 986 644 et
1005 575 1030 641 il
1050 576 1162 644 Padre
1183 572 1393 661 prouinciale
1411 575 1435 654 ¹,
1454 571 1480 637 il
1495 573 1589 656 quale

269 779 271 786 Ι
362 691 442 761 dice
459 694 567 760 hauer
584 692 702 762 ordine
718 692 807 760 dalla
825 695 864 759 P.
884 693 928 759 V.
947 691 982 757 di
1002 691 1127 758 vedere
1142 689 1177 756 di
1193 685 1383 756 contentar'
1399 686 1423 752 il
1439 689 1538 754 Rmo.
1556 686 1587 752 di

362 809 497 876 Lorena
514 809 538 874 ¹.
559 811 602 874 Et
619 807 690 874 cos}
708 810 828 876 forse·
846 811 923 875 sard
938 806 1076 874 difficile
1092 807 1159 872 che
1175 804 1223 870 lui
1239 803 1268 870 si
1283 813 1379 890 parta
1395 801 1430 868 di
1446 803 1492 884 lb;
1510 823 1585 869 vero

363 923 382 990 ὲ
398 925 464 990 che
479 923 526 988 mi
542 922 655 990 scriue
667 925 734 992 che
748 945 850 990 verso
865 923 888 988 il
901 924 970 990 fine
982 922 1017 988 di
1029 932 1151 1008 questo
1163 943 1256 988 mese
1267 942 1373 1006 pensa
1384 916 1490 986 esser'
1501 918 1585 984 nella

345 1124 347 1127 ι
363 1059 427 1104 sua
442 1038 634 1126 prouincia.
654 1040 688 1107 A
704 1059 776 1120 me,
795 1037 941 1105 essendo
960 1037 994 1104 io
1013 1037 1049 1102 in
1070 1035 1229 1123 Pariggi‚
1247 1035 1293 1100 mi
1314 1056 1419 1121 parue
1439 1036 1506 1103 che
1526 1055 1583 1118 per

365 1153 481 1220 alcuni
502 1153 627 1239 pocchi
646 1152 760 1240 giorni
780 1152 881 1235 stasi3
906 1174 962 1219 ma
981 1153 1103 1221 adesso
1123 1150 1207 1238 ogni
1227 1152 1328 1218 modo
1348 1149 1395 1216 mi
1411 1171 1495 1237 pare
1509 1151 1581 1228 che,

362 1267 537 1354 puotendo
554 1266 798 1350 sicuramente,
816 1269 1012 1336 douerebbe
1028 1266 1145 1334 venire
1156 1269 1273 1354 primo
1289 1287 1418 1353 quoque
1433 1272 1582 1350 tempore,

361 1393 397 1449 et
408 1382 481 1450 cosi
498 1383 547 1470 gli
563 1385 597 1449 lo
613 1383 740 1466 scriuo,
759 1383 1084 1451 raceomandandoli
1100 1383 1207 1450 molto
1223 1384 1289 1448 che
1305 1404 1376 1449 non
1391 1381 1421 1448 si
1438 1379 1583 1449 mettain

361 1497 522 1584 pericolo.
539 1498 587 1566 Mi
603 1497 715 1564 scriue
732 1499 798 1566 che
814 1500 952 1566 haueua
964 1519 1129 1584 speranza
1140 1499 1176 1563 di
1186 1507 1309 1586 puoter
1322 1495 1419 1564 venir
1430 1495 1467 1562 in
1484 1493 1582 1562 Lione

361 1613 430 1678 co’l
445 1613 533 1680 duca
557 1613 592 1678 di
615 1614 794 1679 Namurb.
813 1615 936 1700 Doppo
957 1612 978 1678 l’
996 1613 1115 1680 ultima
1134 1616 1199 1682 che
1219 1612 1315 1679 scrisi
1336 1613 1403 1678 alla
1423 1613 1465 1678 Ρ.
1483 1611 1526 1678 V.
1543 1611 1582 1676 ho

360 1729 506 1794 hauutte
525 1747 543 1810 3
561 1747 634 1809 sue,
654 1728 698 1797 de
714 1743 732 1812 5
751 1739 785 1797 et
807 1746 846 1817 19
861 1729 897 1794 di
912 1728 1037 1816 Luglio
1057 1728 1093 1795 in
1113 1729 1295 1808 ciamberi,
1314 1739 1350 1797 et
1366 1745 1385 1794 2
1401 1728 1436 1792 d'
1455 1727 1581 1812 Agosto

362 1842 420 1927 qui
453 1842 489 1908 in
520 1843 646 1925 Lione,
676 1853 711 1911 et
743 1864 808 1911 con
841 1842 952 1930 quest'
981 1844 1115 1926 ultima,
1144 1846 1212 1911 due
1241 1844 1397 1931 postdate
1424 1841 1459 1908 di
1489 1860 1579 1906 mano

361 1958 450 2024 della
467 1958 508 2024 P.
532 1960 577 2025 V.

431 2091 463 2139 2.
513 2074 679 2140 Mandarb
695 2074 805 2161 hoggi
821 2095 842 2140 o
858 2073 994 2143 dimane
1014 2075 1047 2141 al
1069 2077 1109 2140 P.
1129 2075 1295 2142 Costero³
1313 2072 1412 2160 copia
1427 2073 1463 2139 di
1478 2071 1579 2156 quello

361 2189 428 2254 che
441 2187 531 2254 circa
546 2187 571 2253 il
586 2188 673 2256 libro
685 2188 741 2256 del
752 2191 797 2255 D.
814 2189 966 2258 Torres‘
984 2189 1029 2255 mi
1042 2189 1155 2258 scriue
1167 2191 1199 2254 la
1212 2189 1251 2256 P.
1267 2190 1326 2268 V..
1341 2187 1475 2256 benehe
1487 2185 1579 2254 credo

363 2301 388 2367 li
403 2305 531 2371 hauerb
547 2304 633 2370 fatto
648 2302 788 2370 scriuer'
805 2304 829 2370 il
852 2303 1036 2373 medesirno
1053 2305 1120 2370 che
1140 2327 1161 2370 a
1181 2325 1247 2370 me.
1267 2304 1324 2370 Ηο
1345 2306 1490 2369 hauutto
1505 2321 1579 2388 gran

363 2417 498 2503 piacere
514 2421 578 2483 che
595 2419 709 2503 quello
725 2419 781 2488 del
797 2421 842 2484 D.
861 2422 952 2486 Paez
972 2418 1008 2484 di
1029 2418 1156 2486 Milano
1177 2441 1246 2485 non
1266 2417 1316 2486 sia
1332 2425 1421 2484 stato
1438 2411 1579 2504 (comesi

363 2532 494 2618 diceua)
512 2533 547 2599 in
563 2532 777 2620 pregiudicio
793 2533 828 2599 di
844 2532 998 2616 nissun0,
1013 2543 1048 2600 et
1064 2535 1131 2600 che
1151 2543 1274 2619 questo
1295 2533 1324 2599 si
1346 2533 1395 2600 sia
1411 2532 1578 2598 dimostra-

363 2656 399 2713 to
413 2650 437 2727 ⁵‚
456 2659 523 2713 ete.
542 2650 579 2713 Io
599 2647 750 2716 scriuerb
772 2648 805 2714 la
824 2649 994 2715 sustantia
1015 2647 1050 2715 di
1071 2659 1193 2736 questo
1216 2650 1249 2717 al
1267 2651 1312 2715 D.
1331 2649 1462 2715 Acosta
1474 2649 1498 2728 ⁶,
1515 2644 1577 2710 aeid

362 2762 411 2826 lui
426 2762 481 2830 dia
498 2763 666 2849 raggione
683 2787 703 2830 a
720 2765 911 2834 Franceseo
927 2764 959 2830 d'
976 2765 1103 2831 Ibarra.

429 2897 460 2960 3.
510 2879 651 2963 Quanto
663 2879 728 2945 alla
741 2900 820 2946 casa
832 2881 876 2948 de
888 2879 1009 2947 nouitii
1025 2879 1061 2946 in
1075 2880 1278 2966 Alamagna,
1293 2890 1375 2960 ete,
1389 2881 1466 2944 sard
1478 2887 1575 2959 tempo

361 2992 450 3058 assai
466 2994 575 3080 (corne
591 2995 703 3080 credo)
720 3016 782 3080 per
798 2996 933 3080 puoter'
952 2995 985 3062 io
1001 2991 1117 3062 andar'
1133 2994 1167 3061 in
1185 2996 1304 3077 Roma,
1323 3004 1358 3060 et
1380 2992 1415 3058 di
1429 2987 1575 3062 determi-

361 3106 454 3174 narsi
470 3109 502 3174 la
518 3111 557 3175 P.
574 3110 617 3175 V.
638 3111 727 3176 doue
743 3111 767 3175 li
783 3109 903 3196 parerd
922 3109 1049 3198 meglio
1064 3112 1131 3179 che
1145 3111 1175 3177 si
1195 3109 1340 3178 collochi
1355 3110 1458 3194 quell’
1475 3127 1575 3193 opera,

361 3222 584 3290 ridueendola
601 3225 739 3291 Christo
755 3227 799 3293 N.
820 3227 853 3294 S.
873 3249 893 3292 a
910 3229 1040 3307 efferto,
1058 3245 1156 3293 corne
1178 3249 1240 3312 per
1260 3247 1323 3293 suo
1343 3225 1499 3312 maggior
1516 3241 1577 3288 ser·

362 3336 482 3423 uiggio
499 3338 527 3404 si
543 3339 699 3407 desidera
713 3343 735 3406 ⁷.
756 3341 834 3407 Don
851 3341 1044 3409 Francesco
1066 3341 1100 3406 di
1121 3343 1148 3408 F
1150 3362 1275 3410 onseca
1296 3342 1315 3408 ὁ
1336 3339 1393 3426 gie
1410 3347 1538 3426 passato
1550 3329 1577 3400 d'

363 3451 522 3518 Anuersa
538 3451 574 3518 in
589 3455 748 3540 Spagna:
767 3476 875 3541 penso
897 3457 1041 3524 sarebbe
1062 3478 1082 3522 a
1101 3456 1274 3542 proposito
1295 3457 1359 3521 che
1381 3455 1414 3520 la
1434 3457 1473 3522 P.
1491 3453 1533 3518 V.
1550 3445 1578 3513 di

362 3586 425 3632 sua
442 3589 541 3633 mano
557 3567 580 3632 li
597 3567 746 3637 seriuese
767 3570 915 3654 qualche
931 3573 1067 3652 lettera,
1085 3569 1316 3638 indrizandola
1337 3592 1356 3634 a
1379 3571 1575 3642 salamanca,

418 3807 434 3840 Β
463 3798 528 3853 Hoc
542 3801 626 3855 verb.
640 3816 728 3872 supra
742 3818 820 3856 vers.
835 3801 947 3858 addidit
957 3803 1079 3858 libr.-b
1088 3803 1227 3876 Sequitur
1232 3807 1291 3878 pro
1301 3801 1462 3870 Nemeam,
1472 3802 1507 3857 ab
1515 3798 1578 3870 ipso,

365 3894 398 3941 ut
411 3885 540 3955 videtur,
556 3887 621 3943 libr.
637 3895 668 3944 et
680 3897 761 3946 recte
774 3891 973 3947 emendatum.

413 4092 421 4123 ¹
460 4091 633 4148 Edmundus
647 4095 765 4166 Anger.
1144 4095 1156 4128 ²
1191 4097 1315 4154 Carolus
1329 4097 1367 4152 de
1380 4097 1485 4154 Guise.

422 4181 433 4214 ³
471 4181 644 4237 Franciscus
658 4183 812 4256 Costerue,
826 4185 1017 4256 provincialis
1030 4187 1207 4242 Germaniae
1219 4184 1376 4241 inferioris.

417 4271 429 4303 ⁴
466 4270 652 4342 Franciscus,
666 4271 739 4327 alias
754 4272 928 4331 Turrianus.
941 4276 1017 4330 Vide
1032 4275 1118 4347 epist.
1133 4287 1198 4347 510,
1208 4292 1241 4330 n.
1257 4286 1286 4344 73
1299 4286 1365 4348 512,
1376 4294 1404 4330 n.
1417 4289 1443 4346 5;
1454 4269 1579 4344 515,n.6.

367 4369 431 4481 517¹:
442 4365 643 4518 nvidztgbist.
658 4460 722 4520 527,
737 4467 766 4504 n.
784 4462 809 4519 13
825 4458 857 4505 et
870 4449 934 4524 531,
948 4469 977 4506 n.
995 4464 1018 4506 1.

418 4537 430 4571 ⁰
466 4535 596 4591 Didacus
610 4535 647 4592 de
661 4537 783 4607 Acesta,
796 4540 848 4612 qui
863 4539 1046 4613 Antverpiae
1059 4542 1242 4598 versabatur.

417 4623 428 4654 ⁷
465 4622 541 4678 Vide
555 4625 641 4696 epist.
656 4638 720 4696 527,
734 4644 767 4682 n.
786 4641 813 4696 23
829 4626 893 4698 531,
907 4647 937 4685 n.
953 4643 980 4698 2;
996 4637 1027 4686 et
1040 4628 1103 4700 533,
1116 4648 1150 4687 n.
1167 4646 1194 4699 4.
