3318 5376
499 507 531 564 14
550 493 738 550 Novnnants
760 493 828 562 1566
877 515 879 518 ·
1188 503 1237 564 ²91

83 651 129 732 ni,
142 661 196 718 ete.
211 650 246 715 ln
259 656 381 733 questa
396 645 471 712 diri>
482 667 549 712 con
562 644 596 710 la
607 644 718 731 gratia
729 643 785 712 del
797 642 944 731 Signore
955 644 979 710 il
991 653 1082 712 resto
1094 645 1137 712 de
1153 656 1275 730 questa

85 765 137 833 uia
149 766 227 832 uolta
241 767 302 831 che
323 761 432 830 saccio
452 783 513 847 per
539 760 563 826 li
583 757 718 845 collegij
741 759 785 827 de
805 770 926 843 questa
945 759 1132 846 prouincia.
1159 761 1198 826 In
1218 761 1277 826 ln-

86 883 184 970 spruch
197 890 367 949 restorono
381 879 416 946 le
431 897 511 944 cose
527 875 627 951 bene,
645 895 711 940 con
726 875 759 940 la
775 873 891 941 diuina
907 875 1033 962 gracia,
1052 884 1086 940 et
1102 873 1219 961 quieto
1241 887 1277 943 et

88 1000 152 1066 bene
165 996 303 1064 animato
318 996 364 1060 D.
386 995 395 1027 ¹
413 1003 449 1061 et
463 990 566 1058 etiam
582 993 623 1056 P.
646 991 657 1024 ¹
676 1010 741 1056 con
757 990 790 1056 la
804 1011 867 1056 sua
883 989 1102 1057 instruttione
1125 1011 1224 1056 uerso
1244 989 1276 1057 le

87 1135 208 1201 persone.
225 1109 340 1180 Menai
356 1129 422 1176 con
441 1127 497 1172 me
518 1106 583 1172 alla
603 1126 681 1171 casa
702 1104 746 1172 de
773 1103 983 1190 probatione,
1012 1103 1276 1172 dimandandolo

85 1231 146 1310 loro,
161 1231 254 1296 lltro.
272 1224 430 1294 Gerardo
444 1231 480 1289 et
496 1219 679 1289 Valentino
696 1221 721 1284 ³:
739 1241 778 1286 so
793 1222 857 1286 che
873 1220 1065 1305 procedono
1081 1221 1169 1289 bene
1185 1219 1275 1288 nella

83 1343 259 1431 probatione.
278 1340 327 1410 Mi
346 1334 509 1407 certificai
524 1335 583 1423 pini
598 1355 659 1422 per
673 1335 777 1403 molte
789 1336 875 1402 altre
887 1354 978 1415 cose,
992 1334 1059 1402 del'
1075 1334 1196 1402 ordine
1212 1338 1278 1403 che

82 1466 105 1526 s’
117 1461 258 1539 eradato,
276 1457 312 1522 di
328 1477 399 1522 non
416 1453 539 1518 mutar'
557 1453 602 1518 D.
619 1461 655 1517 et
671 1452 726 1529 Ρ.,
745 1459 780 1514 et
795 1447 1036 1534 specialmente
1051 1470 1113 1536 per
1128 1471 1197 1516 una
1209 1449 1275 1518 let-

82 1580 199 1646 tenache
212 1578 244 1643 la
259 1573 369 1661 prima
381 1593 527 1660 persona
539 1569 663 1636 mandi)
675 1590 696 1634 a
707 1571 768 1651 D.,
782 1569 814 1634 la
826 1567 882 1634 eui
894 1566 991 1653 copia
1003 1565 1109 1634 latina
1124 1568 1200 1632 sare
1212 1586 1278 1632 con

80 1686 487 1774 queu⁸.10nonpigtiai
506 1707 587 1754 cosa
603 1683 737 1762 nisum,
758 1683 892 1750 benche
913 1703 978 1748 con
999 1703 1085 1768 gran
1108 1679 1277 1766 trauaglio

80 1809 213 1894 lopuote
238 1826 389 1874 scusare:
420 1823 478 1870 era
505 1801 619 1886 quello
646 1801 711 1868 che
733 1797 903 1864 mandaua
932 1815 973 1880 32
1007 1813 1038 1867 v
1067 1796 1101 1861 d'
1126 1816 1186 1861 oro
1209 1793 1277 1862 co'l

82 1932 227 1990 restoete.
249 1943 330 2008 pare
345 1919 382 1986 in
397 1917 511 2004 quella
525 1916 647 1984 lettera
662 1915 727 1980 che
747 1910 795 1977 mi
815 1912 904 1977 daua
926 1920 942 1953 ⁸
963 1920 1054 1976 tutto
1078 1909 1192 1994 quello
1215 1930 1277 1996 per

82 2039 100 2102 l'
114 2037 206 2104 officio
224 2039 288 2104 che
307 2037 445 2103 haueuo
465 2031 499 2098 io
526 2031 623 2110 tatto,
648 2038 683 2094 et
705 2029 751 2094 D.
777 2025 823 2091 mi
846 2023 1004 2112 significi)
1027 2024 1051 2090 il
1075 2022 1274 2092 medesimo;

82 2155 205 2240 Apresso
218 2155 251 2219 d'
268 2151 437 2238 lnspruch
453 2143 639 2213 trouasimo
658 2142 682 2208 il
697 2141 830 2208 fratello
845 2141 993 2226 Zeglero
1010 2141 1034 2220 ⁵,
1053 2139 1153 2224 quale
1168 2140 1278 2204 haue·

82 2290 161 2335 namo
173 2267 337 2335 chiamato
352 2285 413 2351 per
432 2263 494 2329 far’
512 2260 548 2326 in
564 2258 643 2344 quel
664 2255 810 2342 collegio
831 2256 864 2322 la
887 2249 940 2322 2.⁵
963 2254 1072 2321 classe
1091 2252 1135 2320 de
1155 2255 1279 2319 huma-

81 2383 145 2450 nita.
161 2385 183 2450 ll
197 2384 342 2470 signore
358 2377 410 2446 sia
424 2399 490 2444 con
510 2376 595 2442 loro,

132 2518 158 2566 2.
200 2501 236 2566 ln
264 2492 447 2566 Monachio
474 2493 511 2559 fu
538 2512 559 2557 a
585 2486 758 2576 proposito
784 2483 818 2550 di
846 2487 975 2550 trouat'
1004 2483 1036 2548 al
1057 2483 1098 2549 P.
1130 2484 1277 2550 Hermes

81 2614 142 2696 lib,
157 2615 178 2680 il
191 2614 289 2700 quale
301 2609 428 2679 ueniua
439 2628 500 2696 per
511 2605 672 2672 cofessar’
686 2601 719 2667 la
732 2597 785 2667 2.·
797 2601 809 2637 ⁸
823 2597 906 2685 ogni
918 2597 1111 2677 settimana‚
1126 2606 1184 2663 ete
1204 2596 1279 2663 aiu-

83 2731 190 2797 tandosi
203 2727 250 2796 lui
265 2727 387 2814 prima,
406 2727 443 2790 iu
458 2723 685 2788 instrumento
700 2735 762 2802 per
775 2715 835 2781 far'
850 2711 1003 2798 quietare
1017 2711 1054 2777 in
1065 2713 1146 2796 quel
1159 2711 1278 2779 ordine

84 2847 131 2911 che
143 2849 167 2911 s'
183 2867 236 2914 era
251 2845 333 2910 dato
349 2841 384 2908 in
400 2839 566 2926 lnspruch
581 2835 614 2900 la
630 2834 696 2912 2.⁸‚
719 2841 754 2899 et
773 2829 845 2896 cosi
867 2829 959 2896 resti)
983 2837 1156 2908 contenta,
1182 2837 1218 2895 et
1244 2826 1279 2892 di

85 2958 211 3027 ritornar’
227 2981 247 3026 a
262 2956 442 3044 Inspruch,
460 2963 494 3021 et
511 2971 583 3017 non
599 2949 661 3015 far’
683 2947 837 3012 instanza
852 2942 911 3030 pini
928 2963 987 3028 per
1007 2944 1054 3009 H.
1080 2946 1103 3024 ⁷;
1126 2952 1162 3010 et
1181 2962 1279 3028 panse

84 3076 132 3142 che
144 3075 256 3142 aiutasi
271 3096 292 3140 a
307 3079 443 3158 questo,
462 3069 526 3133 che
542 3063 575 3130 io
590 3062 613 3129 li
629 3065 704 3128 fece
724 3059 796 3126 dire
816 3061 880 3125 che
901 3057 1025 3124 uoleuo
1046 3058 1093 3123 H.
1119 3077 1179 3142 per
1200 3078 1279 3142 pre·

83 3189 187 3258 dicator
200 3199 233 3259 et
248 3197 362 3258 rector
376 3183 433 3252 del
448 3179 593 3266 collegio
609 3177 644 3244 di
659 3174 771 3262 Spina,
789 3194 887 3240 come
903 3170 995 3258 dipoi
1014 3170 1100 3251 dird,
1119 3180 1154 3238 et
1175 3169 1277 3238 etiam

84 3304 216 3373 dimostrd
230 3297 440 3372 contentarsi
455 3297 490 3364 di
505 3295 570 3376 eid,
589 3295 653 3359 che.
668 3294 713 3358 D.
728 3312 798 3356 non
816 3287 882 3356 iusi
898 3297 1037 3366 rettore‚
1052 3287 1160 3352 come’
1178 3286 1201 3352 l'
1215 3287 1277 3350 ha-

84 3438 151 3488 ueua
163 3421 357 3488 dimostrato
373 3417 406 3482 la
423 3414 476 3498 3.‘
491 3411 526 3478 in
542 3409 719 3494 lnspruch.
738 3404 784 3471 Di
796 3403 896 3470 modo
908 3404 971 3469 che
983 3402 1016 3467 la
1030 3399 1138 3487 prima
1149 3399 1178 3465 si
1194 3420 1279 3465 eon-

86 3543 262 3556 ⁸¹-—

123 3589 380 3645 ⁸13mendatuma
403 3582 474 3638 libr.
500 3595 537 3634 ex
559 3575 671 3632 δικ-δ
699 3571 839 3645 Sequitur
860 3571 909 3626 clu
927 3569 1184 3625 obliteratum-0
1213 3566 1279 3622 Hoc

88 3679 151 3732 verb.
168 3695 248 3750 supra
265 3691 348 3732 vers.
370 3669 483 3728 addidit
499 3668 570 3724 libr.

88 3819 177 3877 chartae
189 3823 311 3878 scissura
329 3815 436 3891 partim
454 3813 647 3880 evanuerunt,
667 3803 720 3861 sed
737 3801 835 3873 facile,
852 3817 927 3874 quae
945 3800 1064 3871 desunt,
1077 3798 1213 3870 supplere
1230 3813 1281 3851 va·

89 3905 180 3980 luimus,
191 3919 218 3966 et
229 3911 305 3967 intra
319 3905 442 3962 uncinos
456 3917 535 3957 more
548 3904 648 3954 nostro
661 3892 834 3951 indicamus.

130 4000 136 4032 ¹
166 3999 297 4072 Dyrsius.
708 3986 720 4017 ¹
757 3981 865 4036 Paulus
879 3977 1033 4033 Hoffaeus.

128 4087 136 4117 ³
165 4088 330 4144 Valentinus
342 4082 415 4151 Oth,
429 4081 459 4136 in
475 4077 610 4147 catalogo
629 4071 825 4145 oenipontano
842 4067 911 4123 anni
930 4067 1010 4135 1565,
1029 4065 1107 4120 inter
1123 4061 1280 4134 magistros

90 4168 147 4229 illius
156 4177 260 4250 collegii
271 4180 459 4232 recensetur.

128 4267 136 4296 ¹
163 4264 263 4323 Caninii
276 4279 366 4320 manu
378 4257 487 4330 scripta
497 4251 643 4328 reperitur
659 4251 691 4306 in
703 4249 801 4323 Epist.
816 4245 932 4310 Natal„
947 4244 986 4310 11,
1006 4243 1062 4298 sub
1075 4259 1108 4296 n.
1128 4238 1191 4312 193.
1208 4241 1281 4295 Eam

89 4343 193 4409 dabimus
203 4354 231 4410 in
242 4349 373 4427 append.
389 4343 515 4402 XXXV.

129 4440 138 4472 ¹
165 4441 280 4512 Jacobus
291 4439 409 4495 Seeler.
425 4433 496 4506 Ejus
510 4446 634 4487 examen
645 4427 738 4482 habes
751 4423 782 4480 in
795 4421 897 4494 Epist.
913 4419 1036 4487 Natal„
1052 4419 1093 4491 11,
1106 4417 1172 4488 558.

129 4527 139 4560 ⁸
166 4530 192 4586 id
208 4539 251 4588 est
267 4528 402 4600 reginam
418 4517 617 4593 Margaritam,
631 4532 718 4589 quam
737 4509 851 4567 Natalia
869 4509 998 4583 appellat
1014 4517 1095 4563 amm
1105 4523 1276 4579 personam.

94 4607 151 4671 Vide
161 4620 236 4691 epist.
250 4618 316 4690 439.

134 4707 142 4737 ¹
171 4707 203 4764 P.
215 4711 337 4768 Hermes
350 4703 523 4776 Halpnwer.
