3322 5370
544 511 584 576 20'
600 519 729 578 Aemus
751 521 819 591 15⁶7
1204 519 1258 592 44³

88 695 153 739 non.
164 674 202 739 Et
211 693 291 760 pare
302 675 359 740 ch’
372 671 409 739 in
422 671 507 760 ogni
517 673 619 739 modo
631 693 703 739 non
715 672 821 741 debbi
832 672 984 741 lasciarsi
996 673 1040 740 ad
1053 671 1193 741 arbitrio
1204 673 1291 757 loro;

89 787 192 875 perche
206 789 237 854 la
252 787 467 876 Compagnia
481 789 502 855 e
518 787 671 874 obligata
682 789 727 855 ad
742 809 921 858 osseruare
941 789 964 856 il
988 810 1050 856 suo
1071 788 1239 870 instituto,
1256 799 1292 858 et

89 905 154 984 fare,
169 904 249 970 lona
257 904 343 990 fida,
358 903 473 989 quello
488 906 553 970 che
569 903 597 970 si
615 902 765 974 richiede
780 905 825 972 da
845 905 904 974 tali
920 902 1074 991 collegii,
1092 925 1131 971 se
1145 926 1214 971 non
1231 925 1293 992 per

88 1039 160 1085 noua
180 1018 406 1106 obligatione,
429 1019 587 1086 alnranco
617 1039 677 1105 per
696 1019 720 1084 l'
737 1018 895 1106 antiqua,
919 1039 1021 1089 come-
1038 1019 1115 1089 dice
1135 1018 1159 1086 il
1180 1021 1292 1089 Padre

87 1136 155 1200 liro.
169 1135 300 1222 laynez
312 1135 369 1202 nel
381 1155 445 1201 suo
456 1133 578 1203 ordine
588 1134 632 1202 de
645 1135 769 1202 fundar
780 1134 924 1222 collegii.
936 1135 1120 1216 Adunche,
1129 1155 1199 1203 non
1211 1155 1292 1222 pare

85 1247 325 1318 inconueuiente
342 1249 404 1316 far'
419 1248 454 1316 di
470 1269 563 1316 nouo
579 1250 693 1334 quella
708 1247 929 1337 obligatione,
948 1250 979 1318 la
1000 1250 1100 1335 quale
1124 1251 1169 1316 ha
1185 1248 1242 1336 gii
1257 1249 1292 1316 la

85 1364 283 1451 Compagnia.
298 1365 343 1432 Et
354 1363 427 1432 cosi
444 1365 646 1450 simpliciter
661 1385 730 1432 non
743 1353 825 1452 pare
838 1385 1042 1452 repugnare,
1057 1364 1080 1430 il
1093 1365 1154 1431 far’
1169 1375 1290 1450 questa

83 1479 266 1565 obligatione
292 1503 313 1547 a
340 1501 378 1546 se
405 1489 527 1562 stessa,
556 1477 659 1547 etiarn
680 1480 725 1547 de
745 1480 962 1568 predicatori,
988 1491 1070 1562 etc.;
1095 1480 1219 1567 perche
1245 1480 1289 1548 ne

82 1614 182 1661 manco
192 1615 348 1682 repugna
360 1596 392 1662 al
404 1594 575 1676 instituto,
589 1615 687 1663 corne
699 1597 746 1662 ho
760 1597 868 1676 detto,
887 1606 923 1666 et
937 1617 1005 1664 non
1023 1595 1051 1662 si
1067 1598 1136 1682 pub
1148 1595 1291 1663 lasciare

83 1709 182 1792 libero;
198 1712 322 1798 perche
337 1709 359 1776 l'
376 1709 534 1777 instituto
553 1710 584 1792 ὲ,
602 1713 667 1777 che
682 1710 795 1778 diamo
810 1709 891 1778 nelli
912 1710 1047 1798 collegij
1071 1709 1288 1796 predicatori.

84 1825 126 1890 Ad
140 1825 223 1907 laec,
234 1847 271 1893 se
287 1827 321 1892 la
333 1824 548 1912 Compagnia
560 1825 701 1894 acettasi
713 1835 834 1911 queste
846 1825 1024 1906 dotationi,
1040 1827 1110 1892 cosi
1122 1825 1288 1911 simplici-

85 1943 125 2004 131
138 1941 225 2025 fatte,
242 1963 262 2008 a
277 1939 494 2027 beneplacito
510 1961 585 2022 su0,
603 1941 749 2010 essendo
768 1942 849 2008 date
864 1941 1073 2027 simpliciter,
1091 1939 1119 2007 si
1136 1937 1290 2026 seguite-

84 2055 180 2136 rebbe,
197 2077 255 2143 per
270 2057 304 2122 13
322 2054 578 2124 dechiaratione
589 2057 644 2123 del
657 2057 710 2122 2.⁰
722 2055 818 2142 cap.⁰
830 2057 951 2139 (131134
963 2066 1072 2142 parte,
1087 2057 1153 2122 che
1165 2055 1189 2121 11
1200 2055 1290 2122 saria

84 2167 183 2250 libero,
201 2173 337 2257 quando
353 2193 422 2238 non
438 2170 461 2236 li
477 2191 597 2256 parese
612 2171 799 2240 conuenire
819 2172 853 2239 la
875 2170 1089 2252 fundatione,
1107 2169 1290 2256 applicarla

84 2285 116 2349 ad
128 2285 205 2354 altra
219 2309 334 2374 opera;
348 2285 372 2351 il
384 2288 452 2352 che
464 2287 608 2352 sarebbe
621 2285 779 2354 fraudare
791 2285 814 2353 li
827 2286 998 2355 fundatori
1011 2287 1066 2355 del
1078 2305 1141 2354 suo
1157 2285 1291 2353 intento

83 2413 108 2466 et
123 2401 291 2470 desiderio.
310 2401 348 2470 Si
368 2403 438 2494 pud
458 2400 661 2488 aggionger'
676 2403 743 2470 che
765 2400 800 2467 in
822 2412 943 2487 questo
964 2401 1077 2482 modo,
1095 2399 1289 2468 anchorche

83 2515 152 2582 altro
164 2539 229 2584 non
247 2517 328 2597 fusi,
346 2518 378 2584 13
394 2516 609 2603 Compagnia
625 2518 671 2585 ha
690 2516 725 2584 di
746 2519 818 2584 dar'
836 2517 955 2586 ordine
976 2515 1161 2603 (riceuutta
1177 2514 1288 2582 simile

82 2629 255 2720 dotatione),
270 2643 306 2702 et
316 2631 523 2712 obedientia,
537 2632 645 2700 chesi
657 2632 892 2718 faeciaquello
904 2633 969 2700 che
981 2633 1010 2700 si
1022 2631 1178 2700 desidera
1190 2629 1287 2718 peril

83 2745 252 2830 fundatore,
270 2747 392 2836 poiche
409 2747 631 2816 liberamente
646 2749 692 2815 ha
713 2747 798 2815 satta
817 2749 850 2815 la
869 2746 1063 2815 donatione.
1083 2745 1132 2814 Mi
1147 2767 1288 2814 occorre

83 2860 269 2948 dinandare,
287 2885 326 2932 se
342 2867 453 2960 queet'
470 2862 590 2932 ordine
606 2873 641 2931 et
656 2863 842 2931 obedienza
857 2865 903 2932 ha
918 2864 962 2930 da
977 2864 1080 2930 esser’
1097 2864 1243 2932 durante
1259 2862 1293 2930 la

83 2975 245 3061 dotatione,
269 3001 291 3046 o
310 3000 392 3045 non.
419 2979 466 3046 Se
493 2979 512 3046 ὁ
536 2977 559 3044 11
583 2976 704 3065 primo,
721 2977 845 3066 poiche
872 2978 894 3044 l'
909 2977 1030 3046 ordine
1056 2978 1102 3045 ha
1129 2977 1173 3044 da
1188 2976 1295 3046 esser'

82 3090 179 3172 terno,
196 3115 264 3161 non
282 3092 468 3180 impedisce
483 3092 600 3161 niente
616 3095 683 3159 che
698 3093 731 3160 la
743 3093 957 3180 Compagnia
970 3092 1056 3159 faeci
1067 3096 1125 3158 vn'
1140 3103 1212 3159 atto
1223 3113 1291 3178 pu-

80 3204 163 3290 blico3
178 3209 299 3296 poiche
315 3211 361 3275 ha
372 3209 416 3275 (13
427 3209 580 3296 obligare
592 3231 653 3294 per
666 3208 853 3277 obedienza
864 3217 899 3276 et
911 3230 971 3294 per
983 3208 1114 3277 ordine:
1129 3217 1165 3274 et
1176 3207 1200 3272 l’
1215 3217 1290 3274 atto
1365 3255 1368 3261 ι

80 3342 134 3388 non
154 3325 327 3412 aggionge
347 3344 386 3390 se
408 3345 477 3390 non
498 3323 689 3392 ceremonia
709 3324 910 3405 esteriore⁸,
933 3323 1027 3390 accib
1048 3323 1080 3390 13
1109 3321 1292 3410 traditione

82 3437 169 3506 chesi
188 3442 219 3511 fa
239 3441 352 3519 verbo,
372 3461 441 3507 non
462 3439 491 3506 si
512 3439 605 3526 possi
626 3459 754 3526 negare
773 3439 852 3506 dalli
877 3438 984 3506 nostri
1011 3435 1214 3506 successori.
1246 3439 1293 3507 Se

82 3571 136 3618 non
154 3555 178 3622 s’
192 3557 238 3623 ha
258 3553 302 3623 da
325 3555 396 3624 fare
418 3557 463 3622 ne
483 3555 602 3622 ordine
623 3556 667 3623 ne
688 3553 897 3636 obedienza,
919 3553 1043 3640 prima,
1066 3575 1148 3640 pare
1169 3555 1234 3619 che
1256 3554 1291 3619 la

83 3665 274 3760 Compagnia
300 3691 370 3738 non
390 3671 488 3739 suole
508 3670 580 3738 cosi
602 3671 684 3740 fare.
712 3669 777 3754 2.⁰,
795 3689 864 3736 non
885 3671 1081 3738 douerebbe
1100 3670 1239 3737 acettar'
1256 3669 1290 3736 la

83 3782 245 3855 dotatione.
266 3788 331 3872 3.⁰,
348 3797 442 3855 resta
457 3786 540 3872 ogni
555 3807 636 3854 cosa
651 3786 794 3856 ineerta.
812 3787 879 3870 4⁰,
897 3785 1053 3853 fraudata
1074 3785 1107 3852 13
1126 3805 1293 3872 speranza

82 3897 116 3966 de
129 3901 303 3970 fundatori.
323 3901 371 3970 Mi
391 3922 530 3972 occorre
546 3901 661 3984 etiam,
682 3903 803 3984 Padre,
821 3912 944 3988 questo
959 3922 1061 3968 caso:
1081 3920 1118 3968 se
1136 3919 1203 3966 vno
1218 3899 1292 3966 dasi

82 4014 348 4106 allaCompagnia
359 4039 426 4084 vna
436 4037 569 4084 summa
578 4019 721 4104 grande,
732 4028 767 4086 et
777 4017 965 4086 solamente
975 4015 1100 4084 dicese:
1115 4015 1293 4082 «Fundate

79 4149 114 4197 vn
128 4134 266 4223 collegio
277 4144 446 4222 perpetuo
461 4155 481 4200 a
497 4133 599 4202 modo
611 4144 738 4216 vostro,
754 4153 856 4202 senza
867 4131 1070 4200 nominanni
1085 4153 1148 4219 per
1163 4131 1290 4198 funda-

80 4254 139 4314 tore
149 4250 189 4318 ne
200 4251 321 4318 altro.»
333 4248 553 4317 Dimandarei
565 4249 632 4316 3113
639 4248 865 4336 Compagnia,
874 4249 940 4316 che
953 4249 1092 4316 farebbe
1104 4247 1139 4312 in
1151 4255 1288 4332 questu.

78 4357 111 4427 Et
124 4364 165 4431 mi
179 4365 207 4433 si
223 4374 421 4452 representa
435 4365 503 4433 che
519 4361 757 4433 accettarebbe
774 4363 862 4434 bene
877 4365 909 4430 la
925 4363 1125 4444 donatione,
1144 4372 1180 4430 et
1197 4359 1294 4448 dipoi

79 4477 200 4550 larebbe
224 4483 257 4549 la
285 4478 489 4548 fundatione
517 4491 681 4567 perpetua
706 4479 740 4547 d'
757 4501 804 4548 un
825 4478 986 4567 collegio,
1009 4500 1074 4545 con
1096 4476 1288 4565 predicato-

80 4634 259 4650 *fl-v—-u

126 4739 141 4774 Ι
165 4731 299 4808 Sequitur
308 4735 418 4808 percha
430 4735 461 4790 la
475 4734 675 4792 obliteratum.
