3494 5392
427 479 461 538 54
812 470 915 526 Emsr.
936 468 970 524 P.
990 464 1193 537 Nonou-372

388 617 545 700 scriuer',
575 631 703 704 quanto
718 642 779 708 per
801 642 894 688 esser
915 619 995 686 tutti
1015 617 1074 686 noi
1093 615 1346 706 occupatissimi
1372 615 1461 684 nelle
1475 615 1615 684 conlas-

386 734 474 802 sioni
490 733 640 816 italiana,
664 737 854 824 spagnuole
872 746 908 802 et
928 733 1129 817 thedesche,
1151 736 1287 802 haueuo
1307 730 1405 817 quasi
1425 730 1615 800 deliberato

387 849 421 916 di
437 871 506 916 non
522 849 678 932 scriuer'3
701 873 757 918 ma
778 851 936 931 tuttauia,
958 871 1020 938 per
1039 871 1107 916 nou
1123 849 1347 934 interromper
1362 846 1386 914 il
1402 857 1556 914 costume
1576 845 1612 914 di

387 965 528 1033 scriuer’
546 965 629 1052 ogni
645 967 799 1047 sabbato,
822 965 869 1032 mi
884 967 905 1034 ὲ
924 987 1023 1053 parso
1039 967 1102 1032 far’
1124 974 1244 1050 queste
1262 965 1372 1050 poche
1388 960 1486 1049 righe
1501 959 1613 1047 hoggi

386 1083 451 1149 che
466 1083 487 1148 ὁ
501 1080 644 1149 sabbato
659 1091 758 1148 santo
773 1084 795 1148 ¹.
814 1079 936 1167 Questi
953 1079 1065 1168 giomi
1080 1079 1181 1160 santi,
1195 1101 1280 1146 sono
1296 1077 1375 1146 stati
1388 1077 1500 1163 questi
1515 1076 1612 1163 prin-

388 1195 456 1282 cipi
471 1195 604 1277 ritirati,
622 1205 657 1263 et
677 1197 711 1263 la
731 1195 921 1281 frequentia
947 1206 982 1261 et
1009 1193 1194 1263 deuotione
1221 1195 1276 1262 del
1295 1193 1422 1280 populo
1442 1191 1616 1260 catholico

386 1310 442 1378 alli
458 1310 560 1378 officii
576 1322 610 1380 et
622 1324 719 1380 sante
734 1311 926 1380 ceremonia
941 1311 1030 1378 della
1046 1310 1161 1378 chiesa
1175 1311 1196 1376 e
1211 1319 1300 1377 stata
1320 1311 1363 1377 da
1384 1330 1471 1396 gran
1487 1328 1615 1374 conso-

386 1424 512 1494 latione
524 1425 581 1494 nel
597 1425 744 1514 Signore
761 1449 781 1493 a
797 1426 853 1493 chi
868 1427 901 1493 la
916 1427 1060 1508 vedeua,
1075 1436 1110 1491 et
1121 1426 1166 1492 da
1177 1423 1369 1513 ringratiar'
1389 1424 1493 1492 molto
1504 1423 1537 1490 la
1549 1443 1616 1490 sua

385 1539 502 1607 diuina
518 1544 659 1610 Maesta.
678 1542 704 1608 Il
720 1541 845 1628 popolo
860 1542 904 1610 de
924 1541 1126 1628 protestanti
1147 1552 1183 1610 et
1199 1540 1364 1610 forestieri
1385 1551 1484 1607 stano
1506 1538 1618 1604 molto

387 1675 488 1741 sopra
500 1655 534 1721 di
550 1677 600 1738 se,
614 1667 649 1722 et
661 1654 690 1722 si
702 1667 846 1743 portano
861 1677 925 1723 con
937 1655 1073 1724 insolita
1085 1656 1262 1737 modestia,
1276 1668 1311 1723 et
1323 1655 1352 1722 si
1366 1654 1446 1721 viue
1457 1653 1493 1719 in
1505 1674 1614 1740 gran-

386 1769 525 1838 dissima
541 1791 624 1856 pace
640 1781 675 1836 et
690 1769 816 1856 quiete,
835 1772 944 1858 gloria
960 1772 992 1838 al
1007 1770 1167 1859 Signore,
1185 1781 1280 1838 tanto
1298 1774 1362 1839 che
1378 1791 1439 1856 per
1453 1779 1546 1836 certe
1558 1769 1614 1856 pi-

387 1885 461 1952 cole
484 1884 675 1966 insolentie,
698 1888 763 1954 che
788 1886 926 1953 alchuni
946 1886 1077 1954 sassoni
1103 1889 1194 1954 hano
1216 1887 1300 1954 tatto
1319 1886 1385 1954 alle
1404 1897 1502 1972 porte
1521 1886 1615 1953 della

391 1999 520 2080 chiesa,
538 2021 635 2069 corne
650 2005 776 2088 portar'
793 2001 827 2068 la
842 2021 945 2069 carne
960 2002 996 2067 in
1011 2023 1124 2085 mano,
1142 2013 1178 2069 et
1198 2001 1384 2089 mangiarla
1403 2001 1540 2068 dinanzi
1555 1999 1613 2068 alli

390 2113 491 2200 preti,
509 2126 588 2198 etc,
606 2117 636 2181 s'
654 2113 792 2186 intende
808 2120 873 2186 che
889 2118 959 2186 Sua
977 2118 1056 2184 Μ.ιι
1074 2119 1118 2184 ha
1141 2119 1303 2184 mandato
1318 2139 1338 2182 a
1357 2116 1430 2183 dire
1446 2115 1502 2183 alli
1518 2115 1614 2202 prin-

387 2228 469 2315 cipi,
488 2231 552 2296 che
568 2251 605 2296 se
622 2230 695 2296 loro
715 2252 785 2297 non
814 2231 1056 2317 prouedeuano
1082 2253 1103 2298 a
1122 2235 1186 2300 che
1202 2253 1270 2299 uon
1291 2231 1320 2298 si
1341 2233 1492 2299 lacesero
1511 2229 1617 2300 simili

388 2365 481 2424 cose,
501 2345 758 2430 prouederebbe
784 2347 816 2413 la
837 2347 918 2414 Mu
939 2348 1021 2428 Sua;
1047 2357 1082 2415 et
1107 2346 1131 2412 li
1157 2345 1312 2434 principi,
1337 2346 1485 2416 secondo
1500 2345 1615 2413 inten-

386 2458 512 2541 diamo,
530 2461 645 2526 hanno
661 2463 747 2528 fatto
762 2462 1045 2529 comandamento
1066 2463 1123 2529 alli
1142 2463 1230 2544 suoi,
1249 2473 1339 2529 sotto
1354 2483 1442 2548 pena
1457 2461 1545 2528 della
1560 2471 1616 2530 te-

386 2583 451 2654 sta,
469 2576 532 2642 che
549 2595 618 2641 non
636 2573 747 2642 facino
763 2576 949 2663 despiacer'
963 2579 1007 2645 ne
1019 2577 1192 2645 insolenza
1203 2576 1337 2645 nisuna.
1353 2579 1397 2646 D.
1415 2578 1459 2644 V.
1480 2579 1520 2644 P.
1538 2598 1613 2645 ser-

389 2709 434 2755 uo
450 2711 494 2758 en
509 2689 588 2772 X.⁰,

1199 2817 1383 2995 111Αὲ11·
1410 2817 1434 2907 i

451 3033 637 3120 Inscriptio
660 3037 698 3100 in
722 3042 848 3126 quarta
866 3041 1126 3130 pagina:Jhus.
1150 3041 1194 3108 Al
1217 3041 1322 3107 molto
1339 3042 1424 3108 Rdo.
1446 3043 1486 3108 P.
1511 3042 1553 3109 N.
1576 3038 1611 3107 in

389 3146 526 3214 Christo
546 3147 570 3213 il
598 3151 639 3216 P.
669 3151 862 3218 Francesco
887 3155 931 3222 de
959 3155 1103 3242 Borgia,
1132 3155 1305 3243 preposito
1332 3157 1492 3242 generale
1524 3155 1614 3224 della
1721 3185 1722 3198 ¹

384 3260 598 3349 Compagnia
613 3267 657 3332 de
667 3267 763 3354 Jesit,
779 3276 845 3334 etc.
869 3269 989 3336 Roma.
1009 3271 1091 3336 Alia
1110 3293 1230 3338 manu:
1251 3273 1345 3358 1566.
1370 3273 1411 3339 C.
1435 3274 1609 3360 Augusta.

388 3376 430 3441 P.
449 3378 570 3445 Natale
587 3401 689 3447 senza
704 3382 784 3450 data
800 3384 824 3451 ¹.
852 3385 1042 3473 Vestigium
1058 3388 1182 3474 sigilli.

952 3526 1043 3590 882

633 3593 636 3602 ’
715 3622 755 3688 1³.
787 3623 1097 3696 unnouuuus
1120 3627 1284 3696 NADAL

642 3725 826 3787 SANCTO
850 3731 1111 3792 FRANCISCO
1133 3735 1192 3790 DE
1215 3733 1361 3808 BORJA

769 3829 949 3892 incussus,
961 3821 979 3876 6
992 3835 1113 3878 11111113
1129 3823 1197 3892 1566
1210 3825 1232 3878 ⁸.

385 3922 412 3962 1.
431 3907 468 3965 Ut
481 3912 604 3982 negotiu
616 3912 778 3986 religionis
787 3917 821 3970 in
831 3923 977 3973 coniventia
986 3922 1287 3990 praetermittantur,
1298 3922 1459 3996 efficaciter
1464 3929 1613 3996 procura·

421 4002 558 4054 tun—2.
577 4000 647 4070 Quo
655 4005 746 4074 pacto
758 4021 845 4059 suum
859 4004 1005 4076 affectum
1017 4009 1224 4067 valetudinem
1237 4029 1346 4068 curare
1359 4013 1470 4080 ualeat,
1483 4015 1614 4072 sciscita-

419 4091 548 4158 tun-3.
567 4088 628 4146 Nec
639 4091 773 4164 hispani,
788 4111 840 4150 nec
852 4095 934 4166 itali,
946 4097 988 4152 ad
1000 4096 1111 4152 bollum
1125 4100 1274 4156 turcicum
1284 4103 1450 4174 prodeunt.

456 4203 484 4252 1.
527 4189 626 4276 Jhus.
650 4191 723 4257 Pax
748 4191 876 4274 Christi
892 4204 957 4262 etc.
982 4196 1106 4278 Padre,
1129 4209 1203 4264 esta
1219 4219 1357 4269 semana
1378 4223 1425 4269 no
1446 4203 1513 4288 hay
1537 4214 1614 4272 otra

388 4325 586 4338 utana—n*-

441 4401 449 4434 ¹
488 4397 559 4456 Dles
572 4401 688 4458 sabbati
702 4405 823 4460 sanctio
836 4406 947 4479 Aprilis
960 4409 1015 4464 hoc
1029 4425 1105 4468 auno
1117 4409 1234 4470 incidit.

438 4491 449 4522 ²
486 4489 563 4545 Vide
575 4498 677 4547 annot.
692 4505 719 4546 2.

437 4576 448 4608 ⁸
485 4577 529 4631 Ex
541 4579 713 4652 archetypo,
726 4598 743 4636 a
756 4582 791 4638 P.
811 4583 946 4655 Jimenez
959 4595 1089 4658 exarato,
1103 4597 1134 4646 et
1147 4589 1261 4647 Natalis
1280 4609 1367 4648 manu
1384 4593 1561 4668 subscripto,
1582 4594 1614 4652 iu

383 4662 484 4735 Epist.
502 4665 620 4737 Natat„
633 4669 671 4740 11,
687 4669 773 4726 unico
785 4671 854 4742 fol.,
871 4686 921 4743 114
934 4674 1020 4749 (501).
