3322 5376
520 494 556 536 20
574 481 702 537 Aemus
723 481 791 552 ¹567
1176 497 1227 556 451

67 634 136 703 nelle
149 633 215 701 loro
229 632 418 714 donationi,
437 644 472 700 et
486 632 523 698 in
535 643 662 718 quanta
674 633 862 721 sempliciti
874 645 909 703 et
922 633 1043 721 puritri,
1060 635 1264 706 lasciandosi

67 749 177 836 guidar'
191 749 233 816 da
248 748 319 830 n0i;
337 759 373 816 et
388 749 422 814 lo
437 749 544 815 fanno
560 758 652 814 tutto
665 769 725 836 per
740 770 827 836 puro
843 751 918 818 zelo
928 751 1017 819 delle
1031 750 1145 819 anime
1157 754 1222 822 che
1234 753 1265 821 si

67 865 202 949 perdono,
220 875 255 933 et
270 886 341 931 non
358 865 475 930 hanno
495 864 581 931 altro
601 862 743 931 rimedio
762 865 911 932 humano
931 887 1038 934 senon
1057 866 1091 932 la
1114 867 1265 954 Compa-

67 978 141 1064 gnia.
157 980 285 1064 Questo
301 1001 383 1065 pare
397 981 465 1045 che
484 999 611 1047 muoue
626 999 647 1045 a
662 980 734 1046 tare
749 1001 818 1046 non
834 980 908 1046 solo
923 981 1036 1065 quello
1055 982 1120 1048 che
1142 982 1171 1048 si
1194 987 1264 1069 pud

67 1095 189 1160 secondo
203 1095 226 1159 l’
243 1093 414 1174 instituto,
432 1116 487 1161 ma
503 1093 662 1161 etiamdio
678 1115 699 1162 a
714 1094 987 1164 condescendere
1002 1106 1037 1163 et
1052 1095 1262 1183 dispensare,

66 1229 94 1275 se
106 1207 162 1275 tusi
176 1209 211 1275 di
225 1208 399 1297 bisognio,
416 1208 440 1274 il
456 1211 522 1277 che
537 1230 607 1276 non
622 1210 653 1277 ὁ.

116 1344 142 1407 3.
186 1326 287 1394 Oltre
301 1325 336 1392 di
352 1325 419 1406 cio,
433 1324 478 1391 mi
495 1327 610 1391 hanno
624 1325 732 1406 detto,
748 1327 813 1392 che
829 1325 940 1411 questi
956 1325 1012 1392 doi
1028 1327 1161 1394 elettori
1176 1329 1264 1395 han-

65 1461 99 1504 no
111 1449 217 1506 notata
238 1440 272 1505 la
287 1439 515 1526 Compagnieq
532 1439 658 1526 perche
685 1440 718 1506 al
745 1439 910 1528 principio
936 1451 1144 1528 prometemo
1166 1441 1265 1510 tacil-

64 1565 155 1623 nente
173 1566 207 1624 et
232 1557 372 1641 copiose,
388 1566 423 1622 et
437 1553 529 1641 dipoi
549 1564 700 1622 mutamo
721 1565 756 1623 et
776 1553 1003 1623 dimandiamo
1025 1578 1106 1626 cose
1126 1557 1261 1644 grandi,

64 1669 166 1739 simne
176 1670 234 1756 qui
247 1670 282 1736 in
295 1669 429 1737 Treuiri
442 1669 471 1736 si
484 1671 608 1738 offerse
620 1670 765 1740 duodeci
777 1691 932 1756 persone,
946 1671 1035 1739 nelle
1047 1671 1138 1758 quali
1152 1673 1265 1741 insero

65 1784 107 1850 doi
120 1807 138 1852 o
152 1797 201 1854 tre
214 1785 420 1873 predicatori
433 1787 627 1874 superiores
639 1788 816 1873 germani,
832 1786 898 1852 duo
908 1788 1126 1872 professores
1141 1788 1264 1854 timulo-

62 1901 128 1986 gina
140 1908 169 1968 et
182 1907 329 1988 quatuor
344 1901 494 1968 doceres
508 1902 639 1966 artium
655 1905 686 1966 et
700 1901 867 1968 bonarum
883 1902 1075 1984 literarum,
1092 1923 1156 1970 con
1173 1901 1265 1972 mille

67 2015 163 2084 fioreni
177 2016 359 2096 chedeno,
377 2026 411 2083 et
428 2036 497 2082 non
513 2015 583 2102 pin,
600 2025 636 2082 et
651 2017 714 2083 che
730 2017 897 2083 hauesero
912 2015 947 2082 di
962 2015 1112 2096 visitare,
1130 2026 1212 2099 etc„
1230 2023 1265 2085 et

66 2129 83 2193 il
97 2133 129 2196 P.
145 2134 186 2198 N.
205 2135 292 2200 Mro.
312 2133 449 2216 Laynez
472 2153 532 2217 per
546 2151 615 2197 vna
630 2151 693 2197 sua
712 2139 728 2173 ⁸
751 2130 783 2197 al
799 2129 1031 2212 arciuescouo,
1050 2131 1082 2197 le
1097 2130 1153 2197 cui
1168 2128 1267 2217 copia

67 2246 161 2312 hanno
176 2247 232 2314 nel
247 2245 406 2332 collegio,
425 2245 539 2314 riceue
555 2255 645 2312 tutto
657 2244 783 2330 quello,
797 2253 832 2312 et
847 2245 922 2312 dice
938 2256 1058 2331 queste
1073 2246 1199 2331 parole:
1217 2249 1269 2312 «at

66 2361 113 2424 sud
124 2367 334 2442 autumnum,
350 2363 424 2428 Deo
438 2360 550 2442 deute,
562 2360 682 2446 plures
693 2362 826 2427 mittere
838 2361 980 2426 curabo»
995 2370 1030 2431 et
1041 2359 1077 2426 in
1089 2361 1174 2428 altra
1185 2380 1265 2447 par-

67 2477 217 2554 teadreui
228 2478 433 2566 satisfacere
440 2476 631 2561 poterimus
641 2475 810 2542 desiderio
822 2479 937 2541 nostra
949 2475 1149 2561 obsequendi
1168 2475 1268 2541 bDo·

68 2592 227 2657 minatroui
254 2593 392 2657 Vestrae
413 2591 536 2656 Rmae.
567 2595 598 2655 et
621 2590 835 2656 inseruiendi
855 2591 1092 2676 spiritualibus
1111 2591 1268 2657 ecciesiae

67 2723 132 2770 suae
141 2706 353 2772 commodis».
370 2707 413 2771 Et
424 2704 459 2770 di
471 2715 591 2790 questa
603 2705 724 2773 lettera
737 2714 884 2772 tememo
896 2703 983 2772 assai
995 2704 1065 2786 noi,
1079 2703 1107 2772 s'
1120 2706 1268 2772 hauemo

69 2819 237 2890 ditrattare
255 2841 322 2888 con
344 2829 465 2904 questo
485 2817 707 2888 arciuescouo
728 2839 820 2886 nouo
843 2820 864 2883 ¹.
889 2820 932 2885 Et
950 2818 1084 2886 benche
1101 2818 1268 2906 spetiemo

68 2934 207 3004 dleuiare
221 2935 245 3003 il
262 2956 345 3022 peso
360 2945 395 3002 et
410 2934 526 3016 mod0,
544 2939 658 3000 umen
670 2935 690 3001 d
701 2932 838 3002 difficile
850 2935 915 3002 che
927 2934 1013 3000 oltre
1025 2956 1045 3001 a
1057 2944 1179 3021 questa
1190 2954 1268 3000 mu-

71 3049 188 3134 tatione,
205 3049 435 3119 dimandiamo
451 3049 484 3116 al
500 3049 721 3117 arciuescouo
737 3051 802 3115 che
817 3047 865 3115 lui
881 3048 967 3116 faeci
983 3049 1168 3118 donatione
1183 3070 1269 3135 pura

68 3175 94 3231 et
106 3165 235 3235 liberale
250 3167 316 3232 alla
337 3163 563 3252 Compagnia,
580 3163 725 3231 dicendo
744 3165 809 3230 che
829 3163 886 3230 noi
905 3185 974 3230 non
991 3163 1159 3251 possiamo
1180 3161 1270 3230 obli-

68 3281 143 3364 garsi
157 3282 256 3350 etiam
274 3305 294 3349 a
311 3280 369 3348 noi
385 3278 479 3348 stesi.

121 3415 150 3478 4.
194 3397 260 3465 Nel
275 3394 477 3482 particolare
492 3393 526 3460 di
542 3393 653 3482 Spita,
672 3417 692 3462 a
707 3415 763 3461 me
776 3392 823 3459 mi
843 3413 942 3479 porse
962 3390 1135 3478 seguitare
1155 3391 1269 3476 quello

68 3509 121 3578 che
134 3515 159 3576 s’
175 3499 303 3592 efatto,
319 3509 569 3578 hauendomelo
581 3508 723 3577 rimesso
734 3507 767 3574 la
779 3509 821 3575 P.
836 3509 879 3575 V.
895 3506 1104 3588 finalmente,
1118 3515 1154 3574 et
1164 3527 1270 3574 erano

71 3627 216 3694 nominati
230 3637 265 3695 et
281 3624 394 3713 saputi
414 3623 503 3690 dalla
519 3627 559 3691 P.
579 3626 622 3692 V.
641 3623 665 3689 il
680 3643 823 3691 numero
843 3623 886 3689 de
907 3605 999 3701 tut'ti,
1024 3621 1057 3686 la
1081 3618 1212 3689 rendita
1235 3629 1271 3688 et

69 3741 138 3826 ogni
152 3763 240 3810 cosa.
256 3744 397 3828 Quanto
414 3762 434 3807 a
449 3738 562 3826 quello
575 3738 610 3803 d'
624 3735 813 3825 Herbipoli,
829 3757 886 3804 era
901 3757 1075 3822 promesso
1087 3735 1110 3801 il
1125 3733 1272 3822 collegio

70 3852 144 3923 dalla
161 3859 199 3924 P.
216 3859 275 3938 V.‚
293 3859 362 3922 imo
377 3856 443 3922 che
458 3854 601 3921 sarebbe
616 3851 640 3918 il
660 3851 769 3939 primo
783 3852 850 3920 che
865 3850 893 3916 si
914 3850 1137 3931 fundarebbe.
1159 3871 1179 3917 e
1198 3848 1272 3916 vni·

72 3971 181 4038 uusiti
196 3972 228 4038 di
244 3970 358 4039 studio
372 3969 534 4058 generale
548 3968 584 4034 in
601 3966 792 4054 Herbipoli,
809 3965 843 4033 la
854 3966 955 4051 quale
971 3964 1139 4051 speriamo
1150 3965 1179 4032 si
1190 3963 1273 4032 dari

70 4087 161 4169 anoi,
177 4088 298 4175 perche
315 4107 385 4152 non
401 4084 433 4152 ci
448 4105 533 4152 sono
553 4079 668 4151 lettori
683 4081 720 4148 in
740 4081 865 4166 quella.
888 4081 926 4148 L'
948 4079 1082 4148 offerire
1103 4079 1188 4147 tanti
1208 4079 1275 4147 let-

72 4201 123 4268 tori
136 4224 201 4270 non
215 4223 343 4291 pareua
358 4197 632 4280 inconueniente‚
650 4197 794 4266 essendo
809 4197 876 4264 che
892 4195 911 4263 ὲ
927 4194 985 4282 piu
1003 4195 1111 4261 senna
1125 4204 1161 4263 et
1176 4193 1277 4280 quasi

73 4338 261 4354 Q·-

113 4418 127 4451 ²
149 4412 264 4466 everha
277 4425 361 4481 seqq.
375 4421 462 4478 supra
476 4421 554 4460 vers.
568 4399 680 4460 addidit
692 4398 846 4458 tion-¹³3
863 4400 955 4456 verbe
972 4416 1059 4472 seqq.
1081 4414 1170 4472 supro
1189 4413 1272 4454 vers.

70 4493 162 4555 additu
174 4498 240 4557 libr.

118 4684 125 4717 ¹
154 4687 283 4759 Jecobus
297 4683 336 4740 ab
349 4681 412 4739 Ele.
