3322 5376
435 515 491 576 45²
696 551 699 560 ,
821 499 926 555 Errsr.
945 497 980 552 P.
999 497 1201 569 Nauna-477

397 667 493 726 tanta
504 656 537 724 la
549 651 749 723 fundatione
760 661 937 740 praesente
949 671 1047 718 come
1058 650 1171 736 quella
1185 649 1220 716 di
1235 649 1387 738 Dilinga,
1401 662 1435 720 et
1451 661 1607 738 prometto

396 773 421 840 il
436 793 585 843 vescouo
600 771 739 836 disertis
755 767 866 834 verbis
886 765 1133 853 augmentarla,
1150 765 1186 832 di
1200 767 1303 833 modo
1319 768 1385 833 che
1400 788 1470 834 non
1492 765 1510 834 ὲ
1530 767 1601 832 obli-

396 897 478 975 gata
492 887 525 954 13
539 883 753 972 Compagnia
769 905 790 950 a
805 881 891 950 tanti
906 880 1035 962 mastri,
1053 901 1091 948 se
1105 901 1177 948 non
1192 881 1298 948 cheli
1312 882 1394 950 dari
1409 883 1606 950 voluntaria-

395 1014 523 1084 mente,
537 999 633 1088 quasi
646 1021 706 1086 per
717 996 848 1064 incitar'
861 995 916 1063 all'
928 1006 1114 1083 augmento
1127 1005 1162 1064 et
1177 998 1425 1083 complemento
1435 997 1525 1066 della
1537 999 1605 1063 lun-

395 1118 546 1186 datione.
564 1119 608 1182 Et
623 1116 809 1183 realmente
829 1113 975 1180 hauemo
990 1133 1050 1198 per
1065 1110 1273 1198 esperiencia
1287 1114 1354 1181 che
1369 1114 1535 1201 tenghino
1553 1135 1605 1199 per

397 1255 485 1322 gran
511 1232 666 1299 violenza
691 1231 757 1296 che
783 1249 854 1294 non
875 1226 1051 1314 'vogliamo
1078 1224 1319 1294 incominciare
1345 1227 1490 1316 collegio
1515 1229 1605 1314 pieno

396 1347 613 1435 equiualente
629 1367 649 1412 a
664 1343 862 1430 uniuersiti,
881 1365 984 1411 senza
999 1344 1064 1412 che
1078 1340 1180 1409 diano
1195 1342 1303 1429 prima
1317 1343 1350 1410 13
1371 1343 1605 1413 sustentatione

395 1463 431 1530 di
447 1479 502 1546 70,
516 1483 537 1528 0
553 1460 654 1528 etiam
671 1461 725 1527 60.
744 1461 788 1525 Et
803 1456 848 1524 m'
864 1459 883 1526 ὲ
899 1476 997 1544 parso
1014 1479 1033 1524 a
1048 1479 1103 1526 me
1117 1459 1184 1523 che
1195 1457 1376 1525 habbiamo
1391 1459 1434 1526 da
1449 1457 1603 1525 incomin-

396 1577 488 1646 ciare
503 1597 563 1663 per
584 1597 650 1644 vna
670 1573 879 1653 mediocritd,
902 1573 1138 1660 promettendo
1157 1573 1230 1639 loro
1251 1571 1273 1638 l'
1293 1585 1479 1660 augmento
1499 1572 1601 1659 pieno,

400 1695 430 1762 31
442 1715 539 1762 come
551 1695 695 1759 hauemo
707 1691 794 1757 fatto
806 1689 839 1755 in
853 1687 1003 1775 Dilinga.
1018 1689 1066 1754 Et.
1073 1687 1108 1754 in
1125 1688 1204 1754 tutti
1215 1689 1272 1755 doi
1284 1689 1414 1776 negotii
1423 1689 1458 1756 io
1472 1691 1518 1756 ho
1529 1711 1604 1774 pcn-

398 1819 474 1878 sato
490 1809 616 1876 andare
631 1806 717 1873 bona
726 1805 809 1890 fide,
826 1803 1107 1890 persuadendomi
1123 1804 1188 1870 che
1204 1804 1237 1870 la
1253 1806 1293 1871 Ρ.
1313 1805 1356 1872 V.
1375 1825 1499 1892 sapeua
1513 1805 1535 1870 il
1550 1825 1602 1889 pa·

396 1927 463 1992 rer'
481 1922 549 1990 mio
563 1921 654 1988 circa
669 1919 703 1986 di
723 1930 857 2006 questo,
880 1939 918 1986 se
938 1939 1007 1984 non
1027 1938 1089 2003 per
1114 1917 1218 2003 quelli
1242 1918 1356 2001 Padri,
1382 1919 1531 1987 almanco
1550 1941 1601 2006 per

398 2040 510 2126 quella
527 2038 582 2105 del
598 2034 766 2123 principio
782 2033 815 2101 d'
837 2035 995 2114 Ottobre,
1012 2044 1048 2100 et
1068 2032 1113 2099 mi
1129 2044 1278 2119 puoteua
1293 2035 1486 2122 rispondere
1501 2035 1600 2103 deter-

397 2154 653 2231 minatamente,
671 2149 695 2215 il
711 2153 775 2218 che
791 2170 861 2215 non
877 2149 963 2229 fece,
980 2169 1077 2216 come
1091 2147 1126 2214 io
1140 2147 1336 2218 intendeua.
1353 2152 1389 2217 lo
1403 2150 1531 2230 adesso,
1545 2151 1600 2215 Pa·
1641 2189 1642 2194 κ

397 2272 470 2351 dre,
489 2279 579 2338 resto
594 2288 659 2334 con
676 2265 796 2332 timore
804 2275 847 2354 ,et
862 2263 1113 2346 incertitudine,
1132 2274 1166 2333 et
1181 2264 1279 2350 quasi
1301 2287 1451 2352 pensauo
1464 2265 1500 2332 11
1514 2264 1600 2330 ritor-

398 2405 512 2453 natea
524 2382 623 2470 Spita
635 2391 669 2448 et
685 2390 854 2467 aspettare
869 2380 902 2447 la
914 2379 1110 2447 risolutione
1125 2379 1215 2448 della
1231 2381 1272 2448 Ρ.
1291 2383 1349 2463 V.,
1364 2391 1399 2452 et
1411 2401 1472 2449 con
1487 2379 1597 2467 quella,

398 2519 437 2567 se
453 2521 583 2587 parese,
602 2497 693 2584 dipoi
709 2495 742 2561 d’
759 2497 886 2562 hauere
897 2495 978 2562 dato
995 2495 1161 2582 raggione
1176 2497 1208 2562 al
1223 2496 1369 2584 capitolo
1384 2498 1419 2564 di
1430 2498 1534 2584 Spira,
1546 2517 1599 2561 an·

399 2616 481 2683 dare
497 2613 598 2682 etiam
619 2635 639 2680 a
659 2611 837 2698 Herbipoli
863 2633 923 2697 per
945 2611 969 2676 il
993 2611 1177 2680 medesimo
1200 2613 1329 2694 effett0,
1355 2623 1390 2681 et
1411 2613 1562 2680 ritomare
1581 2631 1597 2674 a

302 2777 304 2784 ·
399 2740 515 2817 tempo
530 2728 564 2795 di
580 2738 702 2816 puoter
717 2729 842 2794 andare
862 2729 970 2814 (come
985 2747 1092 2813 penso
1106 2727 1242 2814 andare)
1258 2727 1322 2795 3113
1340 2730 1432 2797 sonte
1449 2730 1489 2798 de
1507 2727 1596 2812 Lieg-

402 2845 461 2933 [gi]
472 2854 501 2924 ⁸,
520 2865 616 2911 come
631 2845 678 2910 ho
694 2841 835 2910 licencia
846 2842 934 2909 dalla
947 2845 987 2909 P.
1004 2843 1060 2923 V.;
1076 2864 1130 2909 ma
1141 2865 1210 2909 non
1227 2843 1272 2909 mi
1287 2865 1348 2910 son
1365 2866 1484 2913 ancora
1498 2846 1594 2912 deter-

400 2959 541 3028 minato.
560 2961 609 3026 La
624 2980 727 3025 causa
742 2959 808 3025 che
823 2955 868 3022 mi
882 2977 982 3026 moue
998 2957 1084 3024 assai
1096 2979 1157 3044 per
1168 2970 1288 3043 questo
1304 2960 1401 3029 eche
1412 2960 1444 3028 io
1454 2983 1528 3048 pare
1539 2977 1595 3023 non

400 3074 493 3162 possi
508 3073 624 3141 andar'
642 3071 769 3153 auanti,
787 3072 830 3139 ne
845 3093 865 3138 a
882 3072 1057 3153 Verduno,
1080 3073 1170 3142 doue
1197 3074 1243 3139 mi
1266 3074 1399 3143 chiama
1422 3077 1444 3142 il
1467 3091 1594 3143 vescouo

401 3211 464 3276 per
478 3191 512 3258 13
528 3187 738 3269 fundatione,
756 3188 798 3255 ne
819 3209 839 3254 a
860 3186 995 3274 Lieggi,
1018 3188 1108 3257 doue
1130 3210 1253 3256 ancora
1279 3211 1341 3278 per
1360 3192 1462 3259 homo
1480 3187 1596 3278 proprio

401 3309 447 3370 m’
466 3307 511 3373 ha
527 3306 687 3371 mandato
702 3328 723 3370 a
738 3303 900 3370 chiamar’
918 3301 942 3368 11
958 3323 1106 3371 vescouo
1121 3325 1182 3391 per
1196 3304 1221 3369 il
1236 3305 1432 3388 medesimo,
1449 3307 1489 3375 ne
1507 3328 1524 3373 a
1540 3303 1595 3370 ca-

401 3441 550 3501 meraco,
569 3421 645 3487 nea
661 3430 760 3486 santo
780 3420 945 3500 Aumaro3
964 3419 1091 3504 perche
1106 3440 1175 3486 non
1190 3441 1228 3488 so
1243 3441 1339 3490 come
1359 3420 1535 3509 risponder’
1551 3415 1595 3484 alli

400 3534 554 3616 vescoui,
568 3545 602 3603 et
614 3557 711 3602 come
722 3533 928 3600 incaminare
940 3535 972 3602 13
984 3533 1186 3616 fundationi,
1200 3537 1326 3622 perche
1337 3559 1407 3605 non
1419 3539 1464 3605 ho
1475 3531 1595 3606 formula

401 3651 536 3731 nisuna,
555 3671 592 3717 se
608 3671 679 3716 non
695 3649 808 3734 quella
822 3648 935 3716 delP
954 3653 1040 3717 Mro.
1061 3651 1209 3736 Laynez,
1223 3662 1258 3720 et
1270 3653 1382 3738 quello
1394 3655 1459 3722 che
1470 3653 1545 3720 laP
1557 3648 1592 3714 V.

402 3767 449 3832 mi
465 3765 576 3834 scriue
592 3765 725 3847 adesso,
743 3764 778 3829 di
793 3787 861 3831 non
883 3765 1046 3852 obligare,
1068 3776 1134 3834 etc.
1154 3767 1196 3834 Et
1216 3773 1329 3836 tamen
1348 3768 1381 3836 13
1397 3767 1532 3836 lormula
1551 3759 1593 3830 del
1640 3801 1641 3824 2

402 3884 443 3949 P.
462 3883 611 3967 Laynez,
628 3882 672 3947 nd
687 3879 772 3947 luil'
789 3882 835 3948 ha
850 3887 999 3964 seruam,
1018 3882 1163 3952 nellaP.
1183 3882 1254 3951 V.
1245 3883 1442 3972 mDilinga;
1456 3875 1641 3952 sseheni
1640 3863 1641 3998 1

401 4017 482 4084 pare
499 3997 583 4063 fatto
599 4016 664 4063 con
679 3997 783 4062 molta
799 3995 975 4083 raggione:
992 3995 1076 4064 etin
1092 3999 1109 4042 b
1128 4000 1241 4085 quello
1260 4001 1325 4068 che
1340 4000 1416 4070 dice
1435 4000 1467 4069 la
1491 4001 1525 4068 P.
1547 3995 1592 4072 V.
1640 3955 1641 4093 1

401 4133 470 4179 non
486 4111 637 4199 puotersi
658 4111 811 4198 obligare
830 4111 862 4178 13
881 4111 1092 4199 Compagnia
1113 4135 1133 4181 a
1152 4137 1189 4183 33
1216 4125 1335 4197 stessa,
1360 4127 1442 4198 etc.,
1466 4117 1597 4184 almanco

399 4247 461 4314 per
477 4228 596 4296 lettere
611 4225 753 4312 patenti,
771 4225 804 4292 io
819 4248 926 4312 penso
948 4227 1009 4293 lar'
1024 4228 1113 4298 bene
1133 4229 1168 4296 di
1188 4233 1360 4300 consultat
1379 4233 1412 4300 13
1437 4235 1476 4301 Ρ.
1499 4231 1551 4311 V.,
1570 4235 1597 4295 el

400 4364 470 4410 non
487 4341 677 4410 risoluermi
693 4340 782 4408 insin
798 4343 863 4409 che
879 4342 983 4409 habbi
998 4343 1031 4410 13
1051 4343 1205 4432 risposta.
1229 4349 1272 4414 Et
1292 4371 1398 4435 penso
1421 4347 1499 4418 farei
1514 4345 1595 4420 male,

400 4479 439 4526 se
455 4455 558 4527 facesi
574 4455 769 4536 altrimenti,
788 4459 936 4524 secondo
951 4457 984 4524 13
1010 4459 1213 4531 comissione
1233 4465 1299 4532 che
1318 4466 1364 4531 ho
1384 4465 1470 4532 della
1489 4465 1525 4531 P.
1547 4461 1593 4539 V.,

454 4627 471 4659 ι
499 4615 606 4671 Charta
624 4615 726 4684 scissa,
744 4614 947 4672 desiderantur
968 4617 1043 4674 duae
1066 4619 1246 4678 litterae—b
1264 4625 1346 4681 Haec
1358 4623 1494 4698 particula
1513 4619 1593 4678 addita

401 4711 448 4760 est
461 4720 478 4759 a
491 4703 557 4759 libr.
572 4719 660 4775 supra
672 4720 752 4759 vers.
