3322 5370
395 447 448 518 376
786 449 890 506 Enisa.
910 449 944 504 Ρ.
965 450 1166 520 Nauna-464

359 621 474 667 mezza
499 600 784 688 peregrinatione,
812 611 848 670 et
871 611 1028 688 separato
1053 602 1133 670 dalli
1161 601 1249 670 altri.
1268 598 1390 669 Vorria
1414 597 1572 666 intende?
1649 637 1650 666 1

340 716 446 804 ,dalla
463 718 503 782 P.
522 716 566 783 V.
585 737 623 784 se
639 714 739 782 simili
754 739 775 784 a
791 716 911 799 Lucio,
930 727 964 786 et
984 717 1095 784 Gioan
1117 716 1317 797 viennense,
1335 725 1418 798 ete,
1436 735 1473 782 se
1490 735 1572 800 puo-

358 841 457 897 ttano
474 831 625 898 mandar'
643 852 665 896 a
679 833 788 898 Roma
804 832 869 899 alla
891 830 1103 918 probatione,
1122 830 1310 900 hauendosi
1335 831 1479 915 qualche
1501 849 1567 914 spe·
1649 865 1650 884 .

357 967 460 1014 ranza
483 948 546 1014 che
569 944 599 1012 si
622 946 759 1032 possino
776 948 911 1014 aiutar’.
932 949 975 1013 Et
997 947 1110 1032 quello
1127 930 1239 1014 chela
1259 949 1299 1012 P.
1317 947 1361 1014 V.
1380 945 1468 1026 dice,
1489 945 1572 1012 che·
1649 979 1650 1000 2

357 1061 495 1145 quando
509 1083 594 1128 sano
610 1083 710 1149 poco,
729 1083 798 1129 non
814 1063 843 1128 si
858 1071 1027 1149 puotrano
1043 1062 1195 1130 mandar'
1214 1061 1246 1128 al
1261 1059 1407 1147 collegio
1426 1081 1571 1138 romano,
1649 1097 1650 1132 3

357 1179 444 1244 Mro.
464 1177 602 1244 Canisio
614 1189 648 1245 et
659 1178 692 1245 io
705 1201 775 1246 non
787 1180 1055 1265 pretendeuamo
1068 1178 1219 1244 mandar’
1234 1177 1266 1243 lai
1278 1176 1380 1263 quelli
1396 1173 1515 1242 nouitii
1525 1173 1574 1241 alli
1649 1247 1650 1250 Ἴ

356 1291 473 1373 studii,
492 1313 601 1359 senon
613 1296 737 1379 perche
753 1295 868 1363 fusero
879 1293 1014 1380 prouati
1028 1304 1063 1361 et
1076 1291 1255 1360 rimandati
1266 1314 1285 1358 a
1296 1291 1437 1358 studiar'
1452 1290 1485 1357 in
1497 1289 1573 1356 Ala-

357 1407 512 1494 magnia3
531 1410 658 1493 perche
677 1409 852 1495 pensiamo
880 1430 950 1476 non
975 1409 1161 1508 cpnuenire
1184 1410 1248 1477 che
1275 1406 1451 1475 thedeschi
1472 1405 1573 1472 stiano

356 1523 461 1589 molto
478 1532 593 1608 tempo
609 1521 645 1590 in
661 1525 778 1590 Roma.
799 1525 843 1590 Et
861 1546 900 1593 se
915 1525 1030 1590 hanno
1046 1545 1066 1590 a
1082 1525 1208 1622 andare
1222 1545 1283 1608 per
1294 1521 1455 1602 studiare,
1469 1523 1574 1586 hanno
1649 1561 1650 1566 κ

357 1638 512 1706 almanco
529 1661 549 1706 a
566 1642 684 1708 hauer’
701 1639 826 1708 sentito
842 1641 957 1726 quala
972 1639 1204 1726 philosophia,
1223 1649 1258 1705 et
1277 1641 1341 1706 che
1361 1639 1395 1704 la
1410 1658 1477 1703 non
1493 1636 1573 1701 hab·
1649 1711 1650 1714 Ἴ

355 1753 437 1820 bino
453 1777 473 1821 a
488 1755 639 1823 studiare
655 1776 763 1824 senon
779 1755 963 1842 theologia,
978 1777 998 1822 0
1012 1777 1095 1823 uero
1107 1775 1193 1841 poco
1204 1753 1296 1821 risar'
1309 1755 1342 1819 la
1354 1749 1571 1839 philosophia,
1649 1759 1650 1840 ,

355 1880 390 1936 et
406 1872 511 1938 esser'
526 1891 671 1957 persone
688 1871 776 1938 forti.
793 1873 835 1937 Et
851 1892 911 1956 per
926 1869 1105 1938 occasione
1116 1869 1150 1934 di
1164 1880 1298 1954 quest0,
1311 1867 1386 1935 diro
1397 1867 1462 1933 alla
1474 1870 1513 1933 P.
1529 1867 1569 1932 V.
1649 1845 1650 1856 ἵ

358 2004 406 2050 un
421 1984 567 2072 disegno
582 1985 662 2066 min,
677 1988 741 2054 che
757 1988 802 2052 ho
818 1985 959 2072 pigliato
974 1983 1224 2052 auieinandomi
1239 2007 1260 2050 a
1276 1987 1422 2051 Franza:
1440 1985 1504 2050 che
1518 1980 1570 2067 piri

358 2109 448 2166 tosto
465 2121 526 2184 per
541 2099 644 2167 studii
660 2102 689 2166 s'
703 2100 887 2168 haueriano
903 2123 923 2167 a
939 2101 1090 2166 mandar'
1108 2097 1284 2168 thedeschi
1303 2097 1495 2184 aPariggi,
1512 2097 1570 2162 che

357 2235 426 2280 non
442 2235 462 2279 a
478 2215 597 2295 Roma,
612 2213 852 2300 specialmente
864 2237 902 2283 se
914 2237 1063 2301 possono
1075 2219 1202 2282 hauere
1212 2215 1245 2283 la
1251 2214 1290 2281 la
1304 2211 1508 2300 prouisione;
1522 2231 1571 2275 ma

355 2327 391 2393 di
408 2339 530 2413 questo
546 2329 698 2397 scriuerb
711 2329 803 2416 dipoi
824 2331 889 2398 alla
907 2335 946 2398 P.
966 2331 1009 2398 V.
1028 2330 1074 2398 Se
1095 2330 1118 2394 il
1138 2328 1283 2415 collegio
1303 2327 1338 2394 di
1358 2325 1531 2412 Herbipoli
1544 2327 1569 2390 s’

356 2445 402 2510 ha
418 2465 438 2509 a
454 2442 706 2526 incominciare‚
725 2447 744 2512 ὁ
760 2444 952 2514 necessario
972 2446 995 2510 il
1016 2447 1056 2512 P.
1078 2445 1192 2513 Pietro
1210 2447 1316 2512 Phae.
1334 2446 1383 2512 La
1401 2446 1440 2511 Ρ.
1459 2443 1500 2509 V.
1519 2461 1571 2526 per

355 2578 451 2624 amor
467 2558 509 2624 de
525 2556 594 2625 Dio
610 2558 723 2626 scriua
738 2560 1094 2640 determinatamente,
1111 2571 1146 2627 et
1162 2559 1298 2646 procuri
1318 2561 1382 2626 che
1403 2555 1527 2643 venghi
1541 2555 1571 2620 in

358 2671 442 2758 ogni
460 2673 579 2754 mod0;
599 2685 633 2741 et
656 2677 719 2742 che
740 2678 768 2740 s'
787 2677 900 2742 hanno·
921 2676 953 2741 la
973 2676 1117 2761 qualche
1138 2675 1322 2755 necessita,
1345 2674 1391 2740 mi
1411 2671 1568 2748 scriuano,

357 2789 423 2854 che
439 2787 484 2851 mi
502 2789 652 2856 sforzard
668 2788 801 2856 aiutarli
817 2788 851 2855 di
868 2800 988 2874 queste
1004 2791 1126 2857 bande.
1146 2790 1202 2856 Ho
1217 2789 1352 2856 stimato
1372 2788 1474 2855 molto
1492 2786 1514 2851 il
1529 2783 1568 2850 ri·

357 2902 462 2967 cordo
478 2904 542 2970 che
558 2902 605 2968 mi
621 2904 665 2970 da
679 2904 712 2969 la
729 2906 769 2971 P.
789 2906 832 2972 V.
851 2905 939 2974 della
955 2903 1080 2972 facilita
1096 2907 1160 2972 che
1176 2925 1280 2990 pensa
1295 2907 1398 2972 esser'
1417 2923 1473 2989 per
1487 2903 1568 2968 Ger-

358 3016 484 3099 mania,
498 3018 543 3084 da
559 3028 655 3104 parte
670 3018 714 3085 de
729 3020 800 3087 Sua
816 3020 887 3088 Sta.
906 3041 967 3106 per
983 3019 1082 3087 unire
1098 3018 1294 3086 monasterii
1309 3017 1451 3087 desolati
1465 3040 1484 3083 a
1498 3016 1568 3082 fun-

354 3131 485 3198 dationi
497 3132 540 3200 de
556 3131 704 3220 collegii,
722 3145 757 3202 et
773 3134 913 3202 intendo
928 3134 961 3200 io
973 3157 1075 3201 senza
1087 3132 1334 3219 compositioni,
1348 3133 1471 3218 perche
1485 3129 1570 3197 altri-

255 3325 258 3332 ,
357 3244 464 3312 menti
479 3249 623 3315 sarebbe
639 3268 718 3314 cosa
734 3250 839 3316 molto
854 3249 991 3317 difficile
1005 3271 1065 3335 per
1081 3250 1104 3315 li
1122 3249 1292 3316 fundatori
1308 3259 1344 3317 et
1355 3271 1415 3334 per
1430 3249 1462 3314 la
1476 3247 1571 3313 Com-

357 3361 495 3460 pagnia,
514 3363 547 3426 d'
565 3361 589 3426 il
604 3364 668 3430 che
684 3363 839 3432 desidero
856 3367 960 3432 esser’
978 3365 1110 3432 auisato
1125 3365 1214 3430 dalla
1229 3365 1269 3432 P.
1285 3366 1328 3431 V.
1344 3363 1403 3432 Sia
1414 3385 1473 3449 per
1486 3381 1572 3427 amor

356 3477 400 3542 de
412 3476 479 3543 Dio
495 3478 608 3562 quello
624 3481 688 3545 che
705 3480 748 3546 V.
768 3481 808 3546 P.
827 3479 913 3561 dice,
932 3481 967 3546 di
984 3479 1081 3546 farmi
1093 3481 1227 3566 copiare
1244 3481 1357 3566 quelle
1368 3501 1450 3547 cose
1461 3481 1521 3544 che
1531 3479 1571 3542 ho

357 3591 566 3658 dimandato.
585 3593 634 3661 Le
650 3592 872 3675 instruttioni,
890 3595 1031 3663 intendo
1048 3594 1081 3662 io
1099 3596 1323 3682 qualsivoglia
1343 3615 1422 3661 cosa
1442 3595 1502 3660 che
1517 3611 1570 3677 per

357 3708 450 3772 buon
467 3729 622 3793 gouerno
643 3709 770 3777 hauera
791 3709 908 3776 scritto
931 3711 963 3776 la
986 3713 1025 3777 P.
1044 3713 1088 3778 V.
1107 3712 1163 3779 alli
1179 3709 1391 3798 prouinciali,
1409 3713 1473 3778 che
1486 3705 1569 3794 possi

356 3821 480 3888 aiutar'
503 3844 563 3908 per
583 3833 702 3931 queste
716 3823 903 3910 prouincie.
922 3825 1035 3893 Gioan
1052 3826 1208 3909 Battista,
1226 3838 1368 3907 sertore,
1385 3829 1461 3892 sara
1476 3822 1569 3889 molto

356 3938 436 4004 ben’
466 3949 593 4004 venuto
619 3959 681 4023 per
707 3939 739 4005 la
766 3939 941 4024 prouincia
967 3941 1022 4009 del
1050 3943 1090 4008 P.
1122 3945 1207 4009 Mro.
1241 3941 1390 4010 Canisio.
1420 3937 1569 4026 Supplico

355 4051 389 4118 la
406 4054 446 4118 P.
466 4053 508 4119 V.
527 4053 560 4118 lo
576 4052 702 4119 mandi.
721 4054 748 4119 ll
763 4055 939 4122 sacerdote
954 4057 1173 4143 spagnuolob
1189 4079 1250 4144 per
1265 4055 1400 4125 Vienna
1415 4057 1435 4123 ἑ
1451 4055 1505 4142 gia
1518 4051 1570 4139 piri

356 4168 421 4234 che
437 4167 642 4248 necessario,
661 4169 807 4237 essendo
824 4179 934 4237 morto
951 4170 1053 4240 etiam
1069 4171 1092 4237 il
1110 4175 1149 4239 P.
1169 4174 1328 4253 MoraleS,
1346 4173 1426 4254 imo,
1442 4193 1477 4238 se
1492 4188 1569 4255 puo-

356 4291 485 4350 tessero
498 4284 603 4351 esser'
617 4282 685 4364 doi,
700 4282 833 4350 sariano
846 4287 949 4352 molto
962 4289 1027 4353 ben
1042 4287 1158 4356 venuti
1171 4297 1206 4356 et
1221 4287 1318 4372 quasi
1331 4283 1518 4354 necessarii.
1533 4283 1570 4347 Et

356 4396 553 4478 realmente,
572 4398 695 4478 Padre,
713 4397 746 4464 io
759 4419 828 4464 non
844 4421 884 4467 so
899 4401 983 4468 altra
996 4401 1090 4469 India
1102 4403 1245 4490 meglior
1258 4406 1321 4470 che
1337 4401 1528 4479 Germania,
1540 4405 1569 4464 et

409 4567 425 4598 ²
452 4555 591 4630 Sequitur
602 4561 689 4615 saria
702 4559 775 4615 bono
784 4561 834 4617 che
847 4561 1034 4618 obliteratum
1047 4579 1064 4618 a
1077 4563 1203 4618 libe-b
1216 4563 1280 4618 Hoc
1294 4564 1377 4618 verb.
1388 4561 1498 4620 addidit
1507 4559 1566 4616 libr.

357 4661 445 4716 supra
458 4662 539 4702 vers.
630 4695 635 4706 .
