3494 5392
403 521 435 578 14
789 504 947 561 11133311).
968 501 1172 574 Nabar-355

363 679 514 746 pensaua
530 657 626 738 farlo;
645 677 701 723 ma
716 677 785 723 non
801 656 918 742 puote,
940 657 1067 742 perche
1089 657 1137 722 m'
1158 654 1302 742 occupai
1321 654 1357 722 in
1380 655 1503 742 parlar'
1525 676 1593 722 con

365 773 445 840 tutti
460 773 484 839 ll
501 770 604 840 Padri
619 781 655 840 et
670 770 793 840 fratelli
808 771 843 837 di
858 771 939 856 quel
954 769 1112 858 collegio.

431 906 464 955 2.
512 889 550 955 ln
568 885 736 973 Bolognia
750 907 819 952 non
836 885 866 953 si
881 886 988 954 siamo
1005 886 1169 954 tratenuti
1191 889 1279 954 altro
1298 887 1362 954 che
1387 907 1455 952 una
1478 895 1587 966 notte,

362 1013 399 1071 et
413 1004 447 1070 la
461 1002 604 1070 mattina
620 1024 640 1068 a
655 1003 719 1068 iar'
736 999 916 1068 colatione:
935 1000 970 1066 in
986 1001 1128 1083 Tremo,
1150 1023 1210 1087 per
1231 1001 1373 1088 rispetto
1396 1003 1461 1068 clre
1483 999 1507 1065 li
1527 1021 1587 1066 ca-

363 1118 444 1188 ualli
459 1121 640 1186 haueuano
656 1115 816 1203 bisognio
832 1115 867 1181 di
882 1114 1053 1202 riposarsi,
1071 1114 1180 1183 siamo
1196 1115 1276 1183 stati
1294 1138 1339 1183 un
1356 1115 1488 1202 giorno:
1503 1114 1587 1181 etin

361 1236 526 1321 Inspruch
538 1255 586 1299 vn
597 1231 719 1319 giorno
734 1242 770 1298 et
785 1252 912 1311 mezzo,
927 1230 1028 1313 doue,
1047 1232 1132 1299 oltra
1148 1232 1213 1299 che
1228 1229 1261 1298 io
1277 1234 1321 1297 m'
1340 1230 1482 1317 occupai
1499 1230 1588 1298 bene

362 1371 427 1416 con
443 1350 476 1416 la
490 1347 607 1415 diuina
623 1347 746 1435 gratia,
763 1345 787 1411 li
803 1345 926 1413 caualli
941 1345 970 1412 si
986 1345 1158 1414 ricreomo
1173 1348 1262 1414 bene
1281 1347 1371 1413 nella
1387 1346 1484 1413 stalla
1499 1346 1589 1414 delle

363 1465 483 1552 regine
502 1468 522 1532 ¹.

430 1599 461 1663 3.
515 1578 666 1644 Tandem
682 1575 804 1663 hoggi,
822 1575 880 1643 doi
897 1599 918 1643 3
940 1586 990 1644 tre
1011 1579 1096 1646 hore
1117 1577 1162 1658 13,
1187 1577 1294 1644 siamo
1315 1575 1424 1664 gionti
1447 1577 1512 1642 col'
1535 1576 1589 1642 di-

362 1693 443 1761 uino
459 1693 552 1760 31313
573 1692 632 1778 qui
653 1692 688 1758 in
710 1693 885 1778 Augusta,
908 1702 943 1758 et
966 1702 1088 1776 questa
1110 1691 1225 1759 scriuo
1249 1693 1319 1759 cosi
1342 1691 1378 1758 in
1402 1693 1504 1760 fratta
1525 1713 1596 1778 per-

360 1807 445 1878 certi
460 1808 591 1896 signori
607 1810 672 1874 che
687 1809 759 1877 Sua
776 1807 856 1874 Μὲὶ
873 1807 1022 1874 Cesarea
1041 1807 1053 1839 ¹
1071 1808 1194 1874 manda
1209 1829 1271 1894 per
1285 1806 1415 1875 uisitar'
1440 1808 1474 1873 la
1496 1808 1585 1876 San-

362 1924 425 1992 tita
442 1923 478 1990 di
497 1933 617 1990 nostro
637 1922 796 2009 Signore:
822 1921 917 1989 siche
937 1943 1006 1989 non
1027 1921 1208 1989 habbiamo
1231 1925 1379 1989 anchora
1398 1923 1528 2008 parlato
1552 1923 1584 1989 al

360 2042 459 2107 Rm0.
477 2041 593 2122 legato
608 2040 634 2120 ⁸,
652 2060 719 2118 ma,
737 2038 885 2105 secondo
901 2039 957 2105 ch'
974 2036 998 2104 il
1019 2041 1059 2104 Ρ.
1079 2036 1216 2105 Canisio
1231 2037 1264 2104 ci
1286 2037 1374 2118 dice,
1399 2040 1583 2104 haueremo

361 2158 470 2242 poche
485 2153 701 2240 occupationi
715 2173 782 2238 qua
798 2153 824 2236 ⁴3
843 2153 1038 2240 imperoche
1053 2153 1125 2222 Sua
1144 2154 1224 2221 Ma*
1242 2164 1294 2220 sta
1311 2153 1415 2219 molto
1431 2152 1466 2218 in
1482 2153 1580 2233 freta,

361 2293 421 2357 per
436 2271 469 2337 la
485 2291 611 2356 guerra
626 2271 681 2335 ch'
699 2267 723 2334 il
744 2269 866 2336 turcho
882 2289 1026 2355 prepara
1040 2267 1075 2334 di
1091 2267 1175 2335 farle
1190 2269 1244 2334 all’
1263 2266 1381 2354 Aprile
1401 2289 1461 2354 per
1482 2269 1584 2334 Hun-

360 2385 468 2472 garia,
487 2395 521 2453 et
537 2385 609 2451 cosi
625 2386 715 2452 forse
731 2404 801 2450 non
816 2383 845 2450 si
861 2386 1001 2450 trattara
1022 2385 1223 2452 altramente
1243 2385 1286 2450 de
1305 2381 1481 2470 religione.
1505 2383 1584 2451 Sta-

358 2522 454 2570 remo
470 2523 490 2566 a
505 2501 644 2580 uedere,
663 2499 956 2567 raccomandando
977 2499 1001 2564 il
1021 2509 1112 2565 tutto
1133 2523 1153 2566 a
1172 2498 1266 2566 lddio
1283 2509 1399 2565 nostro
1423 2498 1582 2586 Signore,

358 2636 420 2702 per
434 2617 466 2682 la
482 2613 538 2681 cui
555 2613 672 2680 diuina
687 2611 798 2700 gratia
814 2613 896 2679 tutti
911 2613 1018 2681 siamo
1036 2612 1175 2681 arriuati
1190 2614 1276 2695 sani;
1294 2623 1329 2680 31
1344 2613 1368 2678 11
1383 2613 1505 2680 3333111
1522 2636 1584 2679 33-

358 2732 475 2813 chora,
492 2730 626 2798 benche
641 2749 701 2814 per
716 2729 750 2795 la
765 2729 879 2795 strada
895 2727 1032 2795 alchuni
1049 2728 1079 2795 ci
1096 2731 1210 2797 hanno
1231 2741 1328 2814 posto
1344 2728 1379 2793 in
1395 2727 1582 2796 solicitudi-

359 2867 415 2926 ne,
433 2845 622 2913 dubitando
645 2846 709 2912 che
732 2842 764 2910 ci
780 2865 1010 2911 mancassero.
1036 2845 1064 2911 Il
1088 2846 1128 2911 Ρ.
1154 2845 1322 2913 Ledesma
1344 2843 1421 2911 dice
1442 2847 1506 2913 che
1529 2856 1581 2912 sta

357 2961 485 3048 meglio
502 2963 566 3028 che
582 2960 719 3045 quando
734 2959 823 3046 parti
837 2959 881 3026 da
896 2961 1016 3041 Roma,
1035 2970 1070 3028 et
1082 2958 1111 3026 si
1122 2959 1347 3027 raccomamla
1358 2959 1582 3027 humilmente

357 3075 438 3144 nelli
454 3075 543 3142 santi
558 3073 715 3142 sacrificii
732 3084 767 3142 et
782 3073 927 3141 orationi
943 3075 986 3140 de
1001 3075 1046 3142 V.
1065 3075 1119 3157 Ρ.,
1137 3075 1193 3143 del
1210 3075 1250 3140 P.
1278 3075 1428 3142 Polanco
1447 3085 1482 3143 31
1501 3075 1581 3142 delli

358 3189 461 3259 Padri
477 3189 650 3257 assistenti
664 3199 730 3256 313.
750 3199 786 3258 31
801 3192 931 3276 pregha
947 3189 995 3275 gl'
1017 3187 1198 3275 impetrino
1214 3188 1326 3275 gratia
1340 3191 1384 3256 da
1404 3189 1498 3256 Iddio
1518 3211 1582 3257 no·

356 3317 428 3374 stro
459 3305 607 3392 Signore
634 3305 669 3371 di
697 3307 749 3372 iar
776 3325 909 3390 sempre
936 3306 1015 3390 quel
1042 3307 1106 3372 che
1132 3305 1233 3387 deue;
1263 3305 1287 3371 il
1313 3303 1422 3373 simile
1448 3305 1524 3372 dico
1547 3305 1582 3372 di

356 3425 438 3490 M.‘⁰
455 3420 632 3488 Ximenez.
648 3421 674 3486 ll
690 3420 823 3487 fratello
838 3419 984 3506 Giorgio
999 3443 1043 3486 va
1058 3421 1158 3489 bene.
1176 3420 1222 3488 Di
1239 3443 1293 3488 me
1309 3443 1411 3507 posso
1426 3419 1498 3488 dire
1518 3424 1582 3488 che

356 3547 410 3603 sto
425 3535 526 3617 bene,
544 3546 579 3602 et
595 3535 721 3623 meglio
737 3534 826 3602 assai
849 3537 914 3602 che
936 3536 1074 3620 quando
1098 3537 1170 3602 usci
1194 3534 1228 3602 di
1252 3537 1372 3618 Roma;
1398 3548 1432 3604 et
1456 3539 1581 3623 perche

406 3731 416 3764 ¹
453 3731 636 3804 Magdalena,
658 3731 814 3802 Margarita
835 3738 866 3786 et
887 3732 1013 3804 Helena,
1024 3731 1102 3787 filiae
1124 3730 1300 3787 Ferdinandi
1313 3731 1337 3804 Ι,
1351 3732 1487 3788 caesaris.
1503 3733 1579 3789 Vide

354 3821 456 3895 Epist.
471 3819 789 3891 Nataz.,11,657aoo.
807 3821 934 3875 Barbara
948 3819 1008 3892 jam
1026 3819 1193 3875 ferrariensi
1210 3819 1278 3876 duci
1296 3830 1445 3893 nupserat;
1463 3823 1577 3892 Joanua

352 3927 435 3982 vero,
448 3910 603 3966 Francisco
613 3908 745 3964 Mediceo
755 3907 825 3963 item
838 3916 939 3980 nupta,
950 3909 1116 3965 Florentiae
1128 3910 1310 3966 versabatur.

406 4001 417 4035 ¹
453 3996 723 4055 Maximilianusll.
888 3999 899 4030 ³
936 3996 1065 4070 Joanues
1080 3998 1513 4056 FranciscusCommendonus.

406 4090 418 4123 ⁴
453 4089 491 4144 B.
508 4088 613 4144 Petrus
626 4085 763 4143 Canisius
776 4085 912 4158 Borgiae,
923 4084 959 4141 23
969 4085 1132 4158 Februarii,
1141 4087 1215 4143 haec
1224 4088 1262 4143 de
1272 4087 1370 4144 Natali
1379 4089 1490 4144 retulit:
1502 4089 1577 4158 «Igi-

352 4185 400 4234 tur
412 4176 514 4232 licebit
527 4176 606 4231 Patri
619 4175 729 4248 Natali,
742 4174 821 4250 quod
833 4175 924 4230 etiam
936 4173 1000 4231 fieri
1013 4175 1110 4248 cupio,
1129 4183 1164 4230 ut
1181 4192 1218 4231 ex
1236 4175 1405 4250 Oeniponto
1420 4185 1501 4234 recta
1518 4179 1578 4234 Mo·

351 4265 487 4322 trachium
500 4274 531 4321 et
544 4264 754 4336 lngolstadium
768 4265 855 4321 abeat
868 4263 1036 4337 priusquam
1054 4262 1222 4336 Augustam
1239 4265 1434 4336 ingrediatur.
1457 4267 1524 4338 Qua
1541 4266 1578 4323 de

350 4372 383 4411 re
396 4355 508 4411 litteras
520 4352 557 4408 ad
570 4353 696 4410 eundem
710 4353 814 4426 scripsi
827 4351 1056 4426 Oenipontum.»
1068 4353 1112 4407 Ex
1121 4356 1315 4426 autographo,
1329 4353 1359 4409 in
1372 4355 1472 4428 Epist.
1488 4355 1579 4411 Cuni-

351 4444 402 4515 sii,
412 4443 452 4513 11,
463 4460 491 4498 3.
507 4443 570 4510 165.
584 4442 745 4514 Epistolam
756 4441 831 4498 hica
840 4440 960 4499 Canisio
970 4449 1228 4498 commemoratam
1237 4459 1297 4498 333
1310 4442 1449 4501 vidimus.
1465 4445 1578 4500 Natalis

351 4539 460 4602 autem,
474 4532 639 4603 Augustam
651 4531 709 4588 sibi
721 4530 936 4606 quamprimum
954 4530 1132 4588 veniendum
1150 4530 1276 4603 putavit,
1296 4543 1357 4588 tum
1375 4532 1411 4588 ad
1429 4533 1576 4606 pontificis

347 4620 430 4693 jussa
447 4618 634 4693 exsequenda
652 4619 739 4692 (Vide
757 4621 844 4693 epist.
862 4618 915 4690 357
934 4636 1002 4676 cum
1019 4625 1150 4692 33333),
1168 4628 1230 4676 1313
1248 4628 1366 4677 313313
1384 4623 1574 4692 collegiorum

349 4707 562 4782 inspectionem
575 4725 642 4764 cum
654 4708 774 4766 Canisio
786 4709 824 4766 de
836 4711 926 4766 rebus
938 4709 1107 4782 prouinciae
1119 4707 1246 4782 colloqui
1258 4717 1370 4782 posset.
