<?xml version="1.0" encoding="UTF-8"?>
<!DOCTYPE html PUBLIC "-//W3C//DTD XHTML 1.0 Transitional//EN"
    "http://www.w3.org/TR/xhtml1/DTD/xhtml1-transitional.dtd">
<html xmlns="http://www.w3.org/1999/xhtml" xml:lang="en" lang="en">
 <head>
  <title>
</title>
<meta http-equiv="Content-Type" content="text/html;charset=utf-8" />
  <meta name='ocr-system' content='tesseract 3.04.00' />
  <meta name='ocr-capabilities' content='ocr_page ocr_carea ocr_par ocr_line ocrx_word'/>
</head>
<body>
  <div class='ocr_page' id='page_1' title='image "./epistolaephiero01nadagoog_0302.png"; bbox 0 0 3318 5376; ppageno 0'>
   <div class='ocr_carea' id='block_1_1' title="bbox 544 480 1269 554">
    <p class='ocr_par' dir='ltr' id='par_1_1' title="bbox 544 480 1269 554">
     <span class='ocr_line' id='line_1_1' title="bbox 544 480 1269 554; baseline 0.011 -18"><span class='ocrx_word' id='word_1_1' title='bbox 544 495 577 552; x_wconf 87' lang='lat'><strong>19</strong></span> <span class='ocrx_word' id='word_1_2' title='bbox 595 480 757 540; x_wconf 79' lang='lat' dir='ltr'><strong>ocronns</strong></span> <span class='ocrx_word' id='word_1_3' title='bbox 778 484 847 554; x_wconf 86' lang='lat'>1566</span> <span class='ocrx_word' id='word_1_4' title='bbox 1216 489 1269 544; x_wconf 85' lang='grc'><strong>263</strong></span> 
     </span>
    </p>
   </div>
   <div class='ocr_carea' id='block_1_2' title="bbox 16 629 1301 3718">
    <p class='ocr_par' dir='ltr' id='par_1_2' title="bbox 100 629 1301 838">
     <span class='ocr_line' id='line_1_2' title="bbox 100 629 1301 728; baseline 0.012 -34"><span class='ocrx_word' id='word_1_5' title='bbox 100 629 232 697; x_wconf 86' lang='lat' dir='ltr'><strong>liscritti</strong></span> <span class='ocrx_word' id='word_1_6' title='bbox 246 631 276 698; x_wconf 94' lang='lat' dir='ltr'><strong>di</strong></span> <span class='ocrx_word' id='word_1_7' title='bbox 291 633 473 701; x_wconf 89' lang='lat' dir='ltr'><strong>Olomucio</strong></span> <span class='ocrx_word' id='word_1_8' title='bbox 488 637 553 703; x_wconf 91' lang='lat' dir='ltr'><strong>che</strong></span> <span class='ocrx_word' id='word_1_9' title='bbox 568 657 715 703; x_wconf 89' lang='lat' dir='ltr'><strong>saranno</strong></span> <span class='ocrx_word' id='word_1_10' title='bbox 737 657 800 702; x_wconf 92' lang='lat' dir='ltr'><strong>con</strong></span> <span class='ocrx_word' id='word_1_11' title='bbox 818 647 939 722; x_wconf 88' lang='lat' dir='ltr'><strong>questa</strong></span> <span class='ocrx_word' id='word_1_12' title='bbox 955 639 1080 707; x_wconf 73' lang='lat' dir='ltr'><strong>uedera</strong></span> <span class='ocrx_word' id='word_1_13' title='bbox 1096 641 1139 706; x_wconf 94' lang='lat' dir='ltr'><strong>V.</strong></span> <span class='ocrx_word' id='word_1_14' title='bbox 1159 641 1200 706; x_wconf 91' lang='lat' dir='ltr'><strong>R.</strong></span> <span class='ocrx_word' id='word_1_15' title='bbox 1219 642 1301 728; x_wconf 89' lang='lat' dir='ltr'><strong>ogni</strong></span> 
     </span>
     <span class='ocr_line' id='line_1_3' title="bbox 102 749 687 838; baseline 0.01 -26"><span class='ocrx_word' id='word_1_16' title='bbox 102 766 170 812; x_wconf 86' lang='lat' dir='ltr'><strong>cosa</strong></span> <span class='ocrx_word' id='word_1_17' title='bbox 184 767 244 814; x_wconf 89' lang='lat' dir='ltr'><strong>con</strong></span> <span class='ocrx_word' id='word_1_18' title='bbox 258 749 287 814; x_wconf 89' lang='lat' dir='ltr'><strong>la</strong></span> <span class='ocrx_word' id='word_1_19' title='bbox 301 750 413 836; x_wconf 85' lang='lat' dir='ltr'><strong>gratia</strong></span> <span class='ocrx_word' id='word_1_20' title='bbox 428 751 484 819; x_wconf 90' lang='lat' dir='ltr'><strong>del</strong></span> <span class='ocrx_word' id='word_1_21' title='bbox 500 750 649 838; x_wconf 87' lang='lat' dir='ltr'><strong>Signore</strong></span> <span class='ocrx_word' id='word_1_22' title='bbox 664 754 687 818; x_wconf 91' lang='lat'><strong>¹.</strong></span> 
     </span>
    </p>

    <p class='ocr_par' dir='ltr' id='par_1_3' title="bbox 16 862 1300 3718">
     <span class='ocr_line' id='line_1_4' title="bbox 158 862 1299 955; baseline 0.007 -26"><span class='ocrx_word' id='word_1_23' title='bbox 158 879 187 943; x_wconf 87' lang='lat'><strong>7.</strong></span> <span class='ocrx_word' id='word_1_24' title='bbox 231 862 405 932; x_wconf 91' lang='lat' dir='ltr'><strong>Venimmo</strong></span> <span class='ocrx_word' id='word_1_25' title='bbox 420 887 441 932; x_wconf 90' lang='lat' dir='ltr'><strong>a</strong></span> <span class='ocrx_word' id='word_1_26' title='bbox 457 867 570 954; x_wconf 87' lang='lat' dir='ltr'><strong>Praga</strong></span> <span class='ocrx_word' id='word_1_27' title='bbox 587 877 618 948; x_wconf 82' lang='lat'><strong>⁸,</strong></span> <span class='ocrx_word' id='word_1_28' title='bbox 635 868 724 934; x_wconf 90' lang='lat' dir='ltr'><strong>doue</strong></span> <span class='ocrx_word' id='word_1_29' title='bbox 741 867 805 934; x_wconf 86' lang='lat' dir='ltr'><strong>feci</strong></span> <span class='ocrx_word' id='word_1_30' title='bbox 817 868 865 955; x_wconf 86' lang='lat' dir='ltr'><strong>gli</strong></span> <span class='ocrx_word' id='word_1_31' title='bbox 876 867 1034 936; x_wconf 88' lang='lat' dir='ltr'><strong>essamini</strong></span> <span class='ocrx_word' id='word_1_32' title='bbox 1046 880 1080 936; x_wconf 92' lang='lat' dir='ltr'><strong>et</strong></span> <span class='ocrx_word' id='word_1_33' title='bbox 1093 869 1299 938; x_wconf 86' lang='lat' dir='ltr'><strong>confessioni</strong></span> 
     </span>
     <span class='ocr_line' id='line_1_5' title="bbox 101 977 1300 1072; baseline 0.008 -30"><span class='ocrx_word' id='word_1_34' title='bbox 101 977 231 1062; x_wconf 81' lang='lat' dir='ltr'><strong>generali</strong></span> <span class='ocrx_word' id='word_1_35' title='bbox 246 980 261 1020; x_wconf 75' lang='lat'><strong>¹³</strong></span> <span class='ocrx_word' id='word_1_36' title='bbox 278 991 312 1046; x_wconf 91' lang='lat' dir='ltr'><strong>et</strong></span> <span class='ocrx_word' id='word_1_37' title='bbox 326 981 558 1049; x_wconf 88' lang='lat' dir='ltr'><strong>essortationi:</strong></span> <span class='ocrx_word' id='word_1_38' title='bbox 577 1004 646 1048; x_wconf 91' lang='lat' dir='ltr'><strong>non</strong></span> <span class='ocrx_word' id='word_1_39' title='bbox 665 983 694 1051; x_wconf 92' lang='lat' dir='ltr'><strong>si</strong></span> <span class='ocrx_word' id='word_1_40' title='bbox 710 982 939 1052; x_wconf 86' lang='lat' dir='ltr'><strong>rinuouarono</strong></span> <span class='ocrx_word' id='word_1_41' title='bbox 959 983 982 1049; x_wconf 93' lang='lat' dir='ltr'><strong>li</strong></span> <span class='ocrx_word' id='word_1_42' title='bbox 999 983 1081 1065; x_wconf 91' lang='lat' dir='ltr'><strong>voti,</strong></span> <span class='ocrx_word' id='word_1_43' title='bbox 1100 986 1225 1070; x_wconf 78' lang='lat' dir='ltr'><strong>perche</strong></span> <span class='ocrx_word' id='word_1_44' title='bbox 1242 983 1300 1072; x_wconf 82' lang='lat' dir='ltr'><strong>gia</strong></span> 
     </span>
     <span class='ocr_line' id='line_1_6' title="bbox 101 1093 1299 1186; baseline 0.008 -30"><span class='ocrx_word' id='word_1_45' title='bbox 101 1093 294 1163; x_wconf 85' lang='lat' dir='ltr'><strong>lihaueuano</strong></span> <span class='ocrx_word' id='word_1_46' title='bbox 311 1095 459 1164; x_wconf 91' lang='lat' dir='ltr'><strong>rinouati</strong></span> <span class='ocrx_word' id='word_1_47' title='bbox 481 1098 515 1164; x_wconf 93' lang='lat' dir='ltr'><strong>in</strong></span> <span class='ocrx_word' id='word_1_48' title='bbox 530 1098 683 1186; x_wconf 85' lang='lat' dir='ltr'><strong>Giugno:</strong></span> <span class='ocrx_word' id='word_1_49' title='bbox 702 1098 734 1165; x_wconf 91' lang='lat' dir='ltr'><strong>ci</strong></span> <span class='ocrx_word' id='word_1_50' title='bbox 755 1101 792 1165; x_wconf 87' lang='lat' dir='ltr'><strong>fu</strong></span> <span class='ocrx_word' id='word_1_51' title='bbox 812 1098 900 1167; x_wconf 86' lang='lat' dir='ltr'><strong>assai</strong></span> <span class='ocrx_word' id='word_1_52' title='bbox 916 1099 1131 1184; x_wconf 80' lang='lat' dir='ltr'>occupationi</span> <span class='ocrx_word' id='word_1_53' title='bbox 1146 1100 1182 1166; x_wconf 90' lang='lat' dir='ltr'><strong>in</strong></span> <span class='ocrx_word' id='word_1_54' title='bbox 1205 1101 1299 1167; x_wconf 91' lang='lat' dir='ltr'><strong>detto</strong></span> 
     </span>
     <span class='ocr_line' id='line_1_7' title="bbox 100 1209 1299 1302; baseline 0.005 -28"><span class='ocrx_word' id='word_1_55' title='bbox 100 1209 224 1294; x_wconf 83' lang='lat' dir='ltr'><strong>collegio</strong></span> <span class='ocrx_word' id='word_1_56' title='bbox 237 1233 293 1296; x_wconf 90' lang='lat' dir='ltr'><strong>per</strong></span> <span class='ocrx_word' id='word_1_57' title='bbox 309 1232 425 1279; x_wconf 86' lang='lat' dir='ltr'><strong>essere</strong></span> <span class='ocrx_word' id='word_1_58' title='bbox 440 1213 583 1299; x_wconf 86' lang='lat' dir='ltr'><strong>grande,</strong></span> <span class='ocrx_word' id='word_1_59' title='bbox 606 1225 641 1280; x_wconf 91' lang='lat' dir='ltr'><strong>et</strong></span> <span class='ocrx_word' id='word_1_60' title='bbox 664 1217 769 1282; x_wconf 89' lang='lat' dir='ltr'><strong>bauer</strong></span> <span class='ocrx_word' id='word_1_61' title='bbox 785 1235 864 1282; x_wconf 88' lang='lat' dir='ltr'><strong>casa</strong></span> <span class='ocrx_word' id='word_1_62' title='bbox 880 1214 922 1280; x_wconf 89' lang='lat' dir='ltr'><strong>de</strong></span> <span class='ocrx_word' id='word_1_63' title='bbox 943 1213 1077 1299; x_wconf 91' lang='lat' dir='ltr'><strong>nouitij,</strong></span> <span class='ocrx_word' id='word_1_64' title='bbox 1100 1225 1134 1283; x_wconf 90' lang='lat' dir='ltr'><strong>et</strong></span> <span class='ocrx_word' id='word_1_65' title='bbox 1155 1215 1299 1302; x_wconf 88' lang='lat' dir='ltr'><strong>collegio</strong></span> 
     </span>
     <span class='ocr_line' id='line_1_8' title="bbox 16 1324 1297 1416; baseline 0.006 -27"><span class='ocrx_word' id='word_1_66' title='bbox 16 1410 17 1416; x_wconf 7' lang='grc' dir='ltr'>ἵ</span> <span class='ocrx_word' id='word_1_67' title='bbox 98 1324 131 1389; x_wconf 84' lang='lat' dir='ltr'><strong>de</strong></span> <span class='ocrx_word' id='word_1_68' title='bbox 143 1325 326 1392; x_wconf 90' lang='lat' dir='ltr'><strong>conuittori:</strong></span> <span class='ocrx_word' id='word_1_69' title='bbox 345 1327 375 1394; x_wconf 90' lang='lat' dir='ltr'><strong>si</strong></span> <span class='ocrx_word' id='word_1_70' title='bbox 391 1338 501 1397; x_wconf 89' lang='lat' dir='ltr'><strong>attese</strong></span> <span class='ocrx_word' id='word_1_71' title='bbox 515 1351 535 1395; x_wconf 92' lang='lat' dir='ltr'><strong>a</strong></span> <span class='ocrx_word' id='word_1_72' title='bbox 552 1330 676 1398; x_wconf 90' lang='lat' dir='ltr'><strong>uedere</strong></span> <span class='ocrx_word' id='word_1_73' title='bbox 692 1330 724 1398; x_wconf 92' lang='lat' dir='ltr'><strong>le</strong></span> <span class='ocrx_word' id='word_1_74' title='bbox 744 1328 909 1396; x_wconf 78' lang='lat' dir='ltr'><strong>difficulta</strong></span> <span class='ocrx_word' id='word_1_75' title='bbox 928 1340 963 1396; x_wconf 91' lang='lat' dir='ltr'><strong>et</strong></span> <span class='ocrx_word' id='word_1_76' title='bbox 979 1330 1087 1414; x_wconf 89' lang='lat' dir='ltr'><strong>dubij,</strong></span> <span class='ocrx_word' id='word_1_77' title='bbox 1107 1341 1141 1398; x_wconf 91' lang='lat' dir='ltr'><strong>et</strong></span> <span class='ocrx_word' id='word_1_78' title='bbox 1154 1341 1297 1399; x_wconf 86' lang='lat' dir='ltr'><strong>mettere</strong></span> 
     </span>
     <span class='ocr_line' id='line_1_9' title="bbox 16 1417 1298 1530; baseline 0.005 -26"><span class='ocrx_word' id='word_1_79' title='bbox 16 1417 18 1440; x_wconf 63' lang='lat'><em>¹</em></span> <span class='ocrx_word' id='word_1_80' title='bbox 99 1439 179 1506; x_wconf 85' lang='lat' dir='ltr'><strong>alcun</strong></span> <span class='ocrx_word' id='word_1_81' title='bbox 198 1441 326 1510; x_wconf 86' lang='lat' dir='ltr'><strong>ordine.</strong></span> <span class='ocrx_word' id='word_1_82' title='bbox 352 1447 451 1511; x_wconf 87' lang='lat' dir='ltr'><strong>Mtro.</strong></span> <span class='ocrx_word' id='word_1_83' title='bbox 469 1444 678 1510; x_wconf 86' lang='lat' dir='ltr'><strong>Alessandro</strong></span> <span class='ocrx_word' id='word_1_84' title='bbox 704 1447 741 1510; x_wconf 89' lang='lat' dir='ltr'><strong>fu</strong></span> <span class='ocrx_word' id='word_1_85' title='bbox 769 1443 939 1511; x_wconf 89' lang='lat' dir='ltr'><strong>chiamato</strong></span> <span class='ocrx_word' id='word_1_86' title='bbox 959 1445 1003 1511; x_wconf 87' lang='lat' dir='ltr'><strong>da</strong></span> <span class='ocrx_word' id='word_1_87' title='bbox 1030 1444 1212 1512; x_wconf 91' lang='lat' dir='ltr'><strong>Olomucio</strong></span> <span class='ocrx_word' id='word_1_88' title='bbox 1237 1465 1298 1530; x_wconf 93' lang='lat' dir='ltr'><strong>per</strong></span> 
     </span>
     <span class='ocr_line' id='line_1_10' title="bbox 98 1558 1298 1644; baseline 0.004 -22"><span class='ocrx_word' id='word_1_89' title='bbox 98 1575 190 1623; x_wconf 59' lang='lat' dir='ltr'><strong>emere</strong></span> <span class='ocrx_word' id='word_1_90' title='bbox 211 1570 357 1626; x_wconf 84' lang='lat' dir='ltr'><strong>maestro</strong></span> <span class='ocrx_word' id='word_1_91' title='bbox 380 1559 436 1627; x_wconf 84' lang='lat' dir='ltr'><strong>de’</strong></span> <span class='ocrx_word' id='word_1_92' title='bbox 465 1558 603 1644; x_wconf 90' lang='lat' dir='ltr'><strong>nouitij:</strong></span> <span class='ocrx_word' id='word_1_93' title='bbox 627 1561 749 1626; x_wconf 87' lang='lat' dir='ltr'><strong>furono</strong></span> <span class='ocrx_word' id='word_1_94' title='bbox 764 1560 934 1626; x_wconf 88' lang='lat' dir='ltr'><strong>emendati</strong></span> <span class='ocrx_word' id='word_1_95' title='bbox 957 1569 971 1626; x_wconf 63' lang='grc'>9</span> <span class='ocrx_word' id='word_1_96' title='bbox 994 1560 1078 1627; x_wconf 89' lang='lat' dir='ltr'><strong>certi</strong></span> <span class='ocrx_word' id='word_1_97' title='bbox 1100 1560 1211 1627; x_wconf 93' lang='lat' dir='ltr'><strong>ordini</strong></span> <span class='ocrx_word' id='word_1_98' title='bbox 1234 1562 1298 1627; x_wconf 89' lang='lat' dir='ltr'><strong>che</strong></span> 
     </span>
     <span class='ocr_line' id='line_1_11' title="bbox 99 1651 1298 1760; baseline 0.006 -26"><span class='ocrx_word' id='word_1_99' title='bbox 99 1673 252 1740; x_wconf 86' lang='lat' dir='ltr'><strong>haueuano</strong></span> <span class='ocrx_word' id='word_1_100' title='bbox 262 1674 337 1739; x_wconf 91' lang='lat' dir='ltr'><strong>loro</strong></span> <span class='ocrx_word' id='word_1_101' title='bbox 350 1674 426 1740; x_wconf 80' lang='lat' dir='ltr'><strong>fatti</strong></span> <span class='ocrx_word' id='word_1_102' title='bbox 438 1697 499 1760; x_wconf 83' lang='lat' dir='ltr'><strong>per</strong></span> <span class='ocrx_word' id='word_1_103' title='bbox 509 1672 532 1740; x_wconf 93' lang='lat' dir='ltr'><strong>li</strong></span> <span class='ocrx_word' id='word_1_104' title='bbox 545 1673 678 1760; x_wconf 87' lang='lat' dir='ltr'><strong>nouitij,</strong></span> <span class='ocrx_word' id='word_1_105' title='bbox 690 1675 770 1742; x_wconf 89' lang='lat' dir='ltr'><strong>dato</strong></span> <span class='ocrx_word' id='word_1_106' title='bbox 783 1697 828 1742; x_wconf 92' lang='lat' dir='ltr'><strong>un</strong></span> <span class='ocrx_word' id='word_1_107' title='bbox 842 1651 1027 1742; x_wconf 83' lang='lat' dir='ltr'><strong>substituto</strong></span> <span class='ocrx_word' id='word_1_108' title='bbox 1039 1677 1071 1741; x_wconf 91' lang='lat' dir='ltr'><strong>al</strong></span> <span class='ocrx_word' id='word_1_109' title='bbox 1084 1679 1184 1743; x_wconf 88' lang='lat' dir='ltr'><strong>Mtro.</strong></span> <span class='ocrx_word' id='word_1_110' title='bbox 1196 1675 1298 1742; x_wconf 90' lang='lat' dir='ltr'><strong>Ales-</strong></span> 
     </span>
     <span class='ocr_line' id='line_1_12' title="bbox 98 1787 1297 1876; baseline 0.007 -26"><span class='ocrx_word' id='word_1_111' title='bbox 98 1787 210 1867; x_wconf 84' lang='lat' dir='ltr'><strong>sandro,</strong></span> <span class='ocrx_word' id='word_1_112' title='bbox 226 1800 259 1854; x_wconf 86' lang='lat' dir='ltr'><strong>et</strong></span> <span class='ocrx_word' id='word_1_113' title='bbox 275 1790 363 1857; x_wconf 91' lang='lat' dir='ltr'><strong>altre</strong></span> <span class='ocrx_word' id='word_1_114' title='bbox 378 1810 458 1856; x_wconf 89' lang='lat' dir='ltr'><strong>cose</strong></span> <span class='ocrx_word' id='word_1_115' title='bbox 473 1792 537 1856; x_wconf 91' lang='lat' dir='ltr'><strong>che</strong></span> <span class='ocrx_word' id='word_1_116' title='bbox 552 1811 725 1876; x_wconf 88' lang='lat' dir='ltr'><strong>pareuano</strong></span> <span class='ocrx_word' id='word_1_117' title='bbox 743 1789 928 1858; x_wconf 92' lang='lat' dir='ltr'><strong>conuenire</strong></span> <span class='ocrx_word' id='word_1_118' title='bbox 944 1813 1004 1876; x_wconf 88' lang='lat' dir='ltr'><strong>per</strong></span> <span class='ocrx_word' id='word_1_119' title='bbox 1024 1791 1135 1874; x_wconf 88' lang='lat' dir='ltr'><strong>quella</strong></span> <span class='ocrx_word' id='word_1_120' title='bbox 1155 1809 1234 1857; x_wconf 87' lang='lat' dir='ltr'><strong>casa</strong></span> <span class='ocrx_word' id='word_1_121' title='bbox 1254 1790 1297 1858; x_wconf 88' lang='lat' dir='ltr'><strong>de</strong></span> 
     </span>
     <span class='ocr_line' id='line_1_13' title="bbox 98 1899 1296 1987; baseline 0.004 -21"><span class='ocrx_word' id='word_1_122' title='bbox 98 1899 207 1987; x_wconf 87' lang='lat' dir='ltr'><strong>nouitij.</strong></span> <span class='ocrx_word' id='word_1_123' title='bbox 222 1905 288 1972; x_wconf 89' lang='lat' dir='ltr'><strong>Per</strong></span> <span class='ocrx_word' id='word_1_124' title='bbox 315 1905 349 1972; x_wconf 91' lang='lat' dir='ltr'><strong>la</strong></span> <span class='ocrx_word' id='word_1_125' title='bbox 375 1926 455 1971; x_wconf 87' lang='lat' dir='ltr'><strong>casa</strong></span> <span class='ocrx_word' id='word_1_126' title='bbox 480 1906 524 1973; x_wconf 88' lang='lat' dir='ltr'><strong>de</strong></span> <span class='ocrx_word' id='word_1_127' title='bbox 544 1905 727 1972; x_wconf 90' lang='lat' dir='ltr'><strong>conuittori</strong></span> <span class='ocrx_word' id='word_1_128' title='bbox 742 1909 787 1971; x_wconf 94' lang='lat' dir='ltr'><strong>ho</strong></span> <span class='ocrx_word' id='word_1_129' title='bbox 803 1907 912 1972; x_wconf 87' lang='lat' dir='ltr'><strong>anche</strong></span> <span class='ocrx_word' id='word_1_130' title='bbox 936 1904 1102 1985; x_wconf 91' lang='lat' dir='ltr'><strong>ordinato,</strong></span> <span class='ocrx_word' id='word_1_131' title='bbox 1125 1907 1296 1971; x_wconf 88' lang='lat' dir='ltr'><strong>chefosse</strong></span> 
     </span>
     <span class='ocr_line' id='line_1_14' title="bbox 98 2019 1292 2106; baseline 0.003 -24"><span class='ocrx_word' id='word_1_132' title='bbox 98 2037 207 2103; x_wconf 82' lang='lat' dir='ltr'><strong>sempre</strong></span> <span class='ocrx_word' id='word_1_133' title='bbox 222 2041 268 2085; x_wconf 91' lang='lat' dir='ltr'><strong>un</strong></span> <span class='ocrx_word' id='word_1_134' title='bbox 284 2031 443 2106; x_wconf 86' lang='lat' dir='ltr'><strong>regente,</strong></span> <span class='ocrx_word' id='word_1_135' title='bbox 460 2031 494 2086; x_wconf 92' lang='lat' dir='ltr'><strong>et</strong></span> <span class='ocrx_word' id='word_1_136' title='bbox 515 2024 573 2086; x_wconf 91' lang='lat' dir='ltr'><strong>un&#39;</strong></span> <span class='ocrx_word' id='word_1_137' title='bbox 599 2021 684 2086; x_wconf 90' lang='lat' dir='ltr'><strong>altro</strong></span> <span class='ocrx_word' id='word_1_138' title='bbox 707 2019 904 2088; x_wconf 90' lang='lat' dir='ltr'><strong>coadiutore</strong></span> <span class='ocrx_word' id='word_1_139' title='bbox 923 2041 945 2085; x_wconf 91' lang='lat' dir='ltr'><strong>o</strong></span> <span class='ocrx_word' id='word_1_140' title='bbox 968 2041 1051 2086; x_wconf 87' lang='lat' dir='ltr'><strong>uero</strong></span> <span class='ocrx_word' id='word_1_141' title='bbox 1071 2021 1292 2106; x_wconf 84' lang='lat' dir='ltr'><strong>subtegente,</strong></span> 
     </span>
     <span class='ocr_line' id='line_1_15' title="bbox 98 2134 1291 2224; baseline 0.003 -28"><span class='ocrx_word' id='word_1_142' title='bbox 98 2143 185 2216; x_wconf 85' lang='lat' dir='ltr'><strong>etper</strong></span> <span class='ocrx_word' id='word_1_143' title='bbox 199 2156 255 2222; x_wconf 91' lang='lat'><strong>90</strong></span> <span class='ocrx_word' id='word_1_144' title='bbox 277 2153 317 2202; x_wconf 89' lang='lat'><strong>10</strong></span> <span class='ocrx_word' id='word_1_145' title='bbox 332 2134 528 2216; x_wconf 89' lang='lat' dir='ltr'><strong>conuittori,</strong></span> <span class='ocrx_word' id='word_1_146' title='bbox 546 2157 635 2201; x_wconf 82' lang='lat' dir='ltr'><strong>onus</strong></span> <span class='ocrx_word' id='word_1_147' title='bbox 651 2137 850 2224; x_wconf 77' lang='lat' dir='ltr'><strong>praejectus</strong></span> <span class='ocrx_word' id='word_1_148' title='bbox 871 2135 1024 2215; x_wconf 70' lang='lat' dir='ltr'><strong>orbiculi,</strong></span> <span class='ocrx_word' id='word_1_149' title='bbox 1044 2145 1079 2203; x_wconf 91' lang='lat' dir='ltr'><strong>et</strong></span> <span class='ocrx_word' id='word_1_150' title='bbox 1094 2135 1180 2203; x_wconf 88' lang='lat' dir='ltr'><strong>altre</strong></span> <span class='ocrx_word' id='word_1_151' title='bbox 1200 2155 1291 2201; x_wconf 90' lang='lat' dir='ltr'><strong>cose.</strong></span> 
     </span>
     <span class='ocr_line' id='line_1_16' title="bbox 96 2247 1294 2336; baseline 0.003 -24"><span class='ocrx_word' id='word_1_152' title='bbox 96 2247 157 2313; x_wconf 85' lang='lat' dir='ltr'><strong>Cosi</strong></span> <span class='ocrx_word' id='word_1_153' title='bbox 170 2251 222 2318; x_wconf 92' lang='lat' dir='ltr'><strong>nel</strong></span> <span class='ocrx_word' id='word_1_154' title='bbox 235 2250 384 2336; x_wconf 82' lang='lat' dir='ltr'><strong>collegio</strong></span> <span class='ocrx_word' id='word_1_155' title='bbox 401 2251 522 2316; x_wconf 89' lang='lat' dir='ltr'><strong>furono</strong></span> <span class='ocrx_word' id='word_1_156' title='bbox 539 2249 694 2318; x_wconf 87' lang='lat' dir='ltr'><strong>ordinate</strong></span> <span class='ocrx_word' id='word_1_157' title='bbox 714 2251 820 2318; x_wconf 93' lang='lat' dir='ltr'><strong>molte</strong></span> <span class='ocrx_word' id='word_1_158' title='bbox 841 2271 932 2330; x_wconf 87' lang='lat' dir='ltr'><strong>cose,</strong></span> <span class='ocrx_word' id='word_1_159' title='bbox 955 2252 1019 2316; x_wconf 86' lang='lat' dir='ltr'><strong>che</strong></span> <span class='ocrx_word' id='word_1_160' title='bbox 1035 2270 1208 2336; x_wconf 89' lang='lat' dir='ltr'><strong>pareuano</strong></span> <span class='ocrx_word' id='word_1_161' title='bbox 1229 2270 1294 2316; x_wconf 91' lang='lat' dir='ltr'><strong>ne·</strong></span> 
     </span>
     <span class='ocr_line' id='line_1_17' title="bbox 96 2364 1291 2452; baseline -0.003 -20"><span class='ocrx_word' id='word_1_162' title='bbox 96 2364 216 2434; x_wconf 59' lang='lat' dir='ltr'><strong>marie</strong></span> <span class='ocrx_word' id='word_1_163' title='bbox 231 2366 262 2432; x_wconf 91' lang='lat' dir='ltr'><strong>al</strong></span> <span class='ocrx_word' id='word_1_164' title='bbox 283 2376 443 2452; x_wconf 80' lang='lat' dir='ltr'><strong>presente</strong></span> <span class='ocrx_word' id='word_1_165' title='bbox 459 2386 613 2452; x_wconf 87' lang='lat' dir='ltr'><strong>gouerno</strong></span> <span class='ocrx_word' id='word_1_166' title='bbox 633 2376 667 2432; x_wconf 87' lang='lat' dir='ltr'><strong>et</strong></span> <span class='ocrx_word' id='word_1_167' title='bbox 687 2364 878 2450; x_wconf 85' lang='lat' dir='ltr'><strong>disciplina,</strong></span> <span class='ocrx_word' id='word_1_168' title='bbox 896 2386 993 2431; x_wconf 90' lang='lat' dir='ltr'><strong>come</strong></span> <span class='ocrx_word' id='word_1_169' title='bbox 1014 2365 1120 2430; x_wconf 77' lang='lat' dir='ltr'><strong>uedra</strong></span> <span class='ocrx_word' id='word_1_170' title='bbox 1139 2364 1171 2431; x_wconf 86' lang='lat' dir='ltr'><strong>la</strong></span> <span class='ocrx_word' id='word_1_171' title='bbox 1189 2367 1227 2430; x_wconf 89' lang='lat' dir='ltr'><strong>P.</strong></span> <span class='ocrx_word' id='word_1_172' title='bbox 1247 2365 1291 2430; x_wconf 89' lang='lat' dir='ltr'><strong>V.</strong></span> 
     </span>
     <span class='ocr_line' id='line_1_18' title="bbox 95 2479 1292 2566; baseline -0.002 -20"><span class='ocrx_word' id='word_1_173' title='bbox 95 2499 141 2562; x_wconf 85' lang='lat' dir='ltr'><strong>per</strong></span> <span class='ocrx_word' id='word_1_174' title='bbox 152 2479 172 2546; x_wconf 94' lang='lat' dir='ltr'><strong>li</strong></span> <span class='ocrx_word' id='word_1_175' title='bbox 185 2479 293 2547; x_wconf 86' lang='lat' dir='ltr'><strong>scritti</strong></span> <span class='ocrx_word' id='word_1_176' title='bbox 309 2483 375 2549; x_wconf 92' lang='lat' dir='ltr'><strong>che</strong></span> <span class='ocrx_word' id='word_1_177' title='bbox 390 2481 418 2548; x_wconf 88' lang='lat' dir='ltr'><strong>si</strong></span> <span class='ocrx_word' id='word_1_178' title='bbox 435 2481 615 2548; x_wconf 87' lang='lat' dir='ltr'><strong>mandano.</strong></span> <span class='ocrx_word' id='word_1_179' title='bbox 634 2482 670 2546; x_wconf 94' lang='lat' dir='ltr'><strong>ln</strong></span> <span class='ocrx_word' id='word_1_180' title='bbox 688 2492 810 2566; x_wconf 90' lang='lat' dir='ltr'><strong>questo</strong></span> <span class='ocrx_word' id='word_1_181' title='bbox 836 2479 982 2566; x_wconf 85' lang='lat' dir='ltr'><strong>collegio</strong></span> <span class='ocrx_word' id='word_1_182' title='bbox 997 2479 1032 2544; x_wconf 92' lang='lat' dir='ltr'><strong>di</strong></span> <span class='ocrx_word' id='word_1_183' title='bbox 1054 2481 1165 2565; x_wconf 85' lang='lat' dir='ltr'><strong>Praga</strong></span> <span class='ocrx_word' id='word_1_184' title='bbox 1186 2479 1206 2545; x_wconf 78' lang='grc' dir='ltr'>ὁ</span> <span class='ocrx_word' id='word_1_185' title='bbox 1223 2500 1292 2546; x_wconf 90' lang='lat' dir='ltr'><strong>una</strong></span> 
     </span>
     <span class='ocr_line' id='line_1_19' title="bbox 95 2593 1290 2682; baseline -0.001 -24"><span class='ocrx_word' id='word_1_186' title='bbox 95 2594 232 2662; x_wconf 75' lang='lat' dir='ltr'><strong>difficulta</strong></span> <span class='ocrx_word' id='word_1_187' title='bbox 259 2595 372 2665; x_wconf 90' lang='lat' dir='ltr'><strong>simile</strong></span> <span class='ocrx_word' id='word_1_188' title='bbox 398 2597 546 2681; x_wconf 88' lang='lat' dir='ltr'><strong>aquella</strong></span> <span class='ocrx_word' id='word_1_189' title='bbox 572 2596 626 2663; x_wconf 90' lang='lat' dir='ltr'><strong>del</strong></span> <span class='ocrx_word' id='word_1_190' title='bbox 653 2595 802 2682; x_wconf 89' lang='lat' dir='ltr'><strong>collegio</strong></span> <span class='ocrx_word' id='word_1_191' title='bbox 827 2595 861 2660; x_wconf 95' lang='lat' dir='ltr'><strong>di</strong></span> <span class='ocrx_word' id='word_1_192' title='bbox 888 2594 1021 2663; x_wconf 86' lang='lat' dir='ltr'><strong>Vienna</strong></span> <span class='ocrx_word' id='word_1_193' title='bbox 1039 2593 1070 2674; x_wconf 64' lang='lat' dir='ltr'><strong>d,</strong></span> <span class='ocrx_word' id='word_1_194' title='bbox 1098 2595 1232 2662; x_wconf 75' lang='lat' dir='ltr'><strong>benche</strong></span> <span class='ocrx_word' id='word_1_195' title='bbox 1256 2593 1290 2658; x_wconf 91' lang='lat' dir='ltr'><strong>in</strong></span> 
     </span>
     <span class='ocr_line' id='line_1_20' title="bbox 96 2708 1291 2799; baseline 0.001 -26"><span class='ocrx_word' id='word_1_196' title='bbox 96 2709 205 2778; x_wconf 82' lang='lat' dir='ltr'><strong>Vienna</strong></span> <span class='ocrx_word' id='word_1_197' title='bbox 219 2735 300 2799; x_wconf 90' lang='lat' dir='ltr'><strong>pare</strong></span> <span class='ocrx_word' id='word_1_198' title='bbox 322 2711 511 2799; x_wconf 86' lang='lat' dir='ltr'><strong>maggiore,</strong></span> <span class='ocrx_word' id='word_1_199' title='bbox 535 2714 599 2779; x_wconf 86' lang='lat' dir='ltr'><strong>che</strong></span> <span class='ocrx_word' id='word_1_200' title='bbox 614 2712 759 2780; x_wconf 85' lang='lat' dir='ltr'><strong>essendo</strong></span> <span class='ocrx_word' id='word_1_201' title='bbox 775 2721 789 2752; x_wconf 70' lang='lat'><em>⁶</em></span> <span class='ocrx_word' id='word_1_202' title='bbox 811 2710 979 2796; x_wconf 88' lang='lat' dir='ltr'><strong>applicato</strong></span> <span class='ocrx_word' id='word_1_203' title='bbox 998 2708 1078 2776; x_wconf 86' lang='lat' dir='ltr'><strong>beni</strong></span> <span class='ocrx_word' id='word_1_204' title='bbox 1094 2709 1129 2775; x_wconf 92' lang='lat' dir='ltr'><strong>di</strong></span> <span class='ocrx_word' id='word_1_205' title='bbox 1150 2729 1197 2774; x_wconf 93' lang='lat' dir='ltr'><strong>un</strong></span> <span class='ocrx_word' id='word_1_206' title='bbox 1218 2729 1291 2775; x_wconf 93' lang='lat' dir='ltr'><strong>mo-</strong></span> 
     </span>
     <span class='ocr_line' id='line_1_21' title="bbox 97 2824 1292 2914; baseline -0.003 -22"><span class='ocrx_word' id='word_1_207' title='bbox 97 2839 207 2894; x_wconf 84' lang='lat' dir='ltr'><strong>nastero</strong></span> <span class='ocrx_word' id='word_1_208' title='bbox 219 2827 336 2914; x_wconf 92' lang='lat' dir='ltr'><strong>Oybin</strong></span> <span class='ocrx_word' id='word_1_209' title='bbox 353 2829 365 2860; x_wconf 93' lang='lat'><strong>¹</strong></span> <span class='ocrx_word' id='word_1_210' title='bbox 383 2829 414 2894; x_wconf 91' lang='lat' dir='ltr'><strong>al</strong></span> <span class='ocrx_word' id='word_1_211' title='bbox 430 2826 587 2914; x_wconf 84' lang='lat' dir='ltr'><strong>collegio,</strong></span> <span class='ocrx_word' id='word_1_212' title='bbox 604 2826 679 2893; x_wconf 88' lang='lat' dir='ltr'><strong>dice</strong></span> <span class='ocrx_word' id='word_1_213' title='bbox 695 2825 783 2894; x_wconf 86' lang='lat' dir='ltr'><strong>bene</strong></span> <span class='ocrx_word' id='word_1_214' title='bbox 802 2826 825 2890; x_wconf 90' lang='lat' dir='ltr'><strong>l&#39;</strong></span> <span class='ocrx_word' id='word_1_215' title='bbox 842 2825 1045 2911; x_wconf 88' lang='lat' dir='ltr'><strong>imperatore</strong></span> <span class='ocrx_word' id='word_1_216' title='bbox 1065 2824 1154 2891; x_wconf 90' lang='lat' dir='ltr'><strong>nella</strong></span> <span class='ocrx_word' id='word_1_217' title='bbox 1169 2825 1292 2890; x_wconf 86' lang='lat' dir='ltr'><strong>lettera</strong></span> 
     </span>
     <span class='ocr_line' id='line_1_22' title="bbox 95 2933 1290 3027; baseline -0.001 -22"><span class='ocrx_word' id='word_1_218' title='bbox 95 2939 164 3008; x_wconf 82' lang='lat' dir='ltr'><strong>della</strong></span> <span class='ocrx_word' id='word_1_219' title='bbox 176 2943 384 3025; x_wconf 84' lang='lat' dir='ltr'><strong>fondatione,</strong></span> <span class='ocrx_word' id='word_1_220' title='bbox 397 2945 462 3012; x_wconf 89' lang='lat' dir='ltr'><strong>che</strong></span> <span class='ocrx_word' id='word_1_221' title='bbox 472 2945 517 3010; x_wconf 89' lang='lat' dir='ltr'><strong>ha</strong></span> <span class='ocrx_word' id='word_1_222' title='bbox 533 2933 617 3010; x_wconf 86' lang='lat' dir='ltr'><strong>fatto</strong></span> <span class='ocrx_word' id='word_1_223' title='bbox 633 2943 746 3027; x_wconf 91' lang='lat' dir='ltr'><strong>quello</strong></span> <span class='ocrx_word' id='word_1_224' title='bbox 762 2962 826 3008; x_wconf 92' lang='lat' dir='ltr'><strong>con</strong></span> <span class='ocrx_word' id='word_1_225' title='bbox 844 2941 968 3007; x_wconf 77' lang='lat' dir='ltr'><strong>facolta</strong></span> <span class='ocrx_word' id='word_1_226' title='bbox 987 2940 1042 3006; x_wconf 90' lang='lat' dir='ltr'><strong>del</strong></span> <span class='ocrx_word' id='word_1_227' title='bbox 1061 2961 1162 3027; x_wconf 85' lang='lat' dir='ltr'><strong>papa,</strong></span> <span class='ocrx_word' id='word_1_228' title='bbox 1180 2949 1214 3008; x_wconf 91' lang='lat' dir='ltr'><strong>et</strong></span> <span class='ocrx_word' id='word_1_229' title='bbox 1230 2960 1290 3023; x_wconf 91' lang='lat' dir='ltr'><strong>ap-</strong></span> 
     </span>
     <span class='ocr_line' id='line_1_23' title="bbox 94 3055 1291 3138; baseline -0.003 -17"><span class='ocrx_word' id='word_1_230' title='bbox 94 3055 195 3138; x_wconf 82' lang='lat' dir='ltr'><strong>plicato</strong></span> <span class='ocrx_word' id='word_1_231' title='bbox 208 3059 232 3124; x_wconf 91' lang='lat' dir='ltr'><strong>il</strong></span> <span class='ocrx_word' id='word_1_232' title='bbox 256 3057 268 3102; x_wconf 76' lang='lat'><strong>¹</strong></span> <span class='ocrx_word' id='word_1_233' title='bbox 285 3058 491 3126; x_wconf 88' lang='lat' dir='ltr'><strong>monasterio</strong></span> <span class='ocrx_word' id='word_1_234' title='bbox 506 3058 540 3123; x_wconf 93' lang='lat' dir='ltr'><strong>di</strong></span> <span class='ocrx_word' id='word_1_235' title='bbox 556 3059 626 3127; x_wconf 86' lang='lat' dir='ltr'><strong>San</strong></span> <span class='ocrx_word' id='word_1_236' title='bbox 641 3055 830 3128; x_wconf 92' lang='lat' dir='ltr'><strong>Domenico</strong></span> <span class='ocrx_word' id='word_1_237' title='bbox 846 3058 856 3089; x_wconf 80' lang='lat'><strong>³</strong></span> <span class='ocrx_word' id='word_1_238' title='bbox 874 3077 942 3122; x_wconf 92' lang='lat' dir='ltr'><strong>con</strong></span> <span class='ocrx_word' id='word_1_239' title='bbox 954 3056 985 3122; x_wconf 89' lang='lat' dir='ltr'><strong>la</strong></span> <span class='ocrx_word' id='word_1_240' title='bbox 997 3055 1180 3123; x_wconf 86' lang='lat' dir='ltr'><strong>medesima</strong></span> <span class='ocrx_word' id='word_1_241' title='bbox 1191 3062 1291 3120; x_wconf 90' lang='lat' dir='ltr'><strong>auto-</strong></span> 
     </span>
     <span class='ocr_line' id='line_1_24' title="bbox 93 3169 1291 3260; baseline -0.001 -25"><span class='ocrx_word' id='word_1_242' title='bbox 93 3169 152 3252; x_wconf 67' lang='grc' dir='ltr'><strong>11ῑὲ4</strong></span> <span class='ocrx_word' id='word_1_243' title='bbox 176 3194 229 3240; x_wconf 94' lang='lat' dir='ltr'><strong>ma</strong></span> <span class='ocrx_word' id='word_1_244' title='bbox 246 3173 307 3240; x_wconf 91' lang='lat' dir='ltr'><strong>noi</strong></span> <span class='ocrx_word' id='word_1_245' title='bbox 327 3195 397 3240; x_wconf 91' lang='lat' dir='ltr'><strong>non</strong></span> <span class='ocrx_word' id='word_1_246' title='bbox 417 3174 450 3240; x_wconf 93' lang='lat' dir='ltr'><strong>lo</strong></span> <span class='ocrx_word' id='word_1_247' title='bbox 477 3172 645 3260; x_wconf 83' lang='lat' dir='ltr'><strong>possiamo</strong></span> <span class='ocrx_word' id='word_1_248' title='bbox 672 3174 905 3240; x_wconf 70' lang='lat' dir='ltr'><strong>attramentet</strong></span> <span class='ocrx_word' id='word_1_249' title='bbox 924 3181 1088 3238; x_wconf 87' lang='lat' dir='ltr'><strong>mostrare</strong></span> <span class='ocrx_word' id='word_1_250' title='bbox 1114 3191 1174 3256; x_wconf 88' lang='lat' dir='ltr'><strong>per</strong></span> <span class='ocrx_word' id='word_1_251' title='bbox 1199 3169 1291 3235; x_wconf 87' lang='lat' dir='ltr'><strong>bolla</strong></span> 
     </span>
     <span class='ocr_line' id='line_1_25' title="bbox 92 3285 1290 3374; baseline -0.003 -20"><span class='ocrx_word' id='word_1_252' title='bbox 92 3290 250 3370; x_wconf 82' lang='lat' dir='ltr'><strong>apostolica</strong></span> <span class='ocrx_word' id='word_1_253' title='bbox 265 3311 287 3356; x_wconf 95' lang='lat' dir='ltr'><strong>o</strong></span> <span class='ocrx_word' id='word_1_254' title='bbox 302 3289 434 3357; x_wconf 88' lang='lat' dir='ltr'><strong>brieue.</strong></span> <span class='ocrx_word' id='word_1_255' title='bbox 453 3290 479 3355; x_wconf 97' lang='grc'><strong>11</strong></span> <span class='ocrx_word' id='word_1_256' title='bbox 491 3288 676 3357; x_wconf 86' lang='lat' dir='ltr'><strong>medesimo</strong></span> <span class='ocrx_word' id='word_1_257' title='bbox 692 3299 726 3355; x_wconf 89' lang='lat' dir='ltr'><strong>et</strong></span> <span class='ocrx_word' id='word_1_258' title='bbox 742 3286 800 3374; x_wconf 80' lang='lat' dir='ltr'><strong>piu</strong></span> <span class='ocrx_word' id='word_1_259' title='bbox 816 3286 952 3355; x_wconf 86' lang='lat' dir='ltr'><strong>difficile</strong></span> <span class='ocrx_word' id='word_1_260' title='bbox 967 3287 987 3352; x_wconf 79' lang='grc' dir='ltr'>ὲ</span> <span class='ocrx_word' id='word_1_261' title='bbox 1010 3285 1045 3352; x_wconf 92' lang='lat' dir='ltr'><strong>in</strong></span> <span class='ocrx_word' id='word_1_262' title='bbox 1062 3285 1208 3366; x_wconf 88' lang='lat' dir='ltr'><strong>Vienna,</strong></span> <span class='ocrx_word' id='word_1_263' title='bbox 1227 3287 1290 3350; x_wconf 88' lang='lat' dir='ltr'><strong>che</strong></span> 
     </span>
     <span class='ocr_line' id='line_1_26' title="bbox 92 3398 1290 3486; baseline -0.001 -20"><span class='ocrx_word' id='word_1_264' title='bbox 92 3401 247 3472; x_wconf 84' lang='lat' dir='ltr'><strong>babbiamo</strong></span> <span class='ocrx_word' id='word_1_265' title='bbox 265 3405 290 3472; x_wconf 92' lang='lat' dir='ltr'><strong>il</strong></span> <span class='ocrx_word' id='word_1_266' title='bbox 311 3403 516 3472; x_wconf 87' lang='lat' dir='ltr'><strong>monasterio</strong></span> <span class='ocrx_word' id='word_1_267' title='bbox 535 3406 578 3472; x_wconf 89' lang='lat' dir='ltr'><strong>de</strong></span> <span class='ocrx_word' id='word_1_268' title='bbox 605 3402 767 3470; x_wconf 87' lang='lat' dir='ltr'><strong>carmeliti</strong></span> <span class='ocrx_word' id='word_1_269' title='bbox 789 3405 814 3486; x_wconf 77' lang='lat'><strong>⁴,</strong></span> <span class='ocrx_word' id='word_1_270' title='bbox 837 3412 872 3471; x_wconf 92' lang='lat' dir='ltr'><strong>et</strong></span> <span class='ocrx_word' id='word_1_271' title='bbox 891 3424 961 3469; x_wconf 91' lang='lat' dir='ltr'><strong>non</strong></span> <span class='ocrx_word' id='word_1_272' title='bbox 976 3422 1015 3466; x_wconf 90' lang='lat' dir='ltr'><strong>so</strong></span> <span class='ocrx_word' id='word_1_273' title='bbox 1036 3409 1163 3485; x_wconf 90' lang='lat' dir='ltr'><strong>quante</strong></span> <span class='ocrx_word' id='word_1_274' title='bbox 1184 3398 1290 3485; x_wconf 90' lang='lat' dir='ltr'><strong>vigne</strong></span> 
     </span>
     <span class='ocr_line' id='line_1_27' title="bbox 90 3515 1287 3605; baseline -0.008 -17"><span class='ocrx_word' id='word_1_275' title='bbox 90 3515 133 3581; x_wconf 74' lang='lat' dir='ltr'><strong>del</strong></span> <span class='ocrx_word' id='word_1_276' title='bbox 148 3521 326 3588; x_wconf 70' lang='lat' dir='ltr'><strong>medesimo</strong></span> <span class='ocrx_word' id='word_1_277' title='bbox 354 3519 558 3587; x_wconf 87' lang='lat' dir='ltr'><strong>monasterio</strong></span> <span class='ocrx_word' id='word_1_278' title='bbox 584 3519 751 3605; x_wconf 87' lang='lat' dir='ltr'><strong>applicate</strong></span> <span class='ocrx_word' id='word_1_279' title='bbox 773 3519 805 3585; x_wconf 88' lang='lat' dir='ltr'><strong>al</strong></span> <span class='ocrx_word' id='word_1_280' title='bbox 825 3517 982 3604; x_wconf 81' lang='lat' dir='ltr'><strong>collegio,</strong></span> <span class='ocrx_word' id='word_1_281' title='bbox 1006 3515 1137 3583; x_wconf 87' lang='lat' dir='ltr'><strong>Diceua</strong></span> <span class='ocrx_word' id='word_1_282' title='bbox 1157 3517 1246 3580; x_wconf 89' lang='lat' dir='ltr'><strong>bene</strong></span> <span class='ocrx_word' id='word_1_283' title='bbox 1265 3515 1287 3579; x_wconf 87' lang='lat' dir='ltr'><strong>l&#39;</strong></span> 
     </span>
     <span class='ocr_line' id='line_1_28' title="bbox 92 3627 1291 3718; baseline -0.008 -15"><span class='ocrx_word' id='word_1_284' title='bbox 92 3627 267 3717; x_wconf 79' lang='lat' dir='ltr'><strong>imperatore</strong></span> <span class='ocrx_word' id='word_1_285' title='bbox 295 3634 527 3716; x_wconf 89' lang='lat' dir='ltr'><strong>Ferdinando,</strong></span> <span class='ocrx_word' id='word_1_286' title='bbox 557 3637 622 3701; x_wconf 94' lang='lat' dir='ltr'><strong>che</strong></span> <span class='ocrx_word' id='word_1_287' title='bbox 649 3637 784 3702; x_wconf 86' lang='lat' dir='ltr'><strong>haueua</strong></span> <span class='ocrx_word' id='word_1_288' title='bbox 807 3634 920 3718; x_wconf 93' lang='lat' dir='ltr'><strong>quello</strong></span> <span class='ocrx_word' id='word_1_289' title='bbox 942 3633 1028 3699; x_wconf 88' lang='lat' dir='ltr'><strong>fatto</strong></span> <span class='ocrx_word' id='word_1_290' title='bbox 1057 3652 1116 3716; x_wconf 91' lang='lat' dir='ltr'><strong>per</strong></span> <span class='ocrx_word' id='word_1_291' title='bbox 1143 3628 1291 3696; x_wconf 77' lang='lat' dir='ltr'><strong>autorita</strong></span> 
     </span>
    </p>
   </div>
   <div class='ocr_carea' id='block_1_3' title="bbox 94 3763 277 3778">
    <p class='ocr_par' dir='ltr' id='par_1_4' title="bbox 94 3763 277 3778">
     <span class='ocr_line' id='line_1_29' title="bbox 94 3763 277 3778; baseline 0 0"><span class='ocrx_word' id='word_1_292' title='bbox 94 3763 277 3778; x_wconf 40' lang='grc' dir='ltr'>Ἢ</span> 
     </span>
    </p>
   </div>
   <div class='ocr_carea' id='block_1_4' title="bbox 90 3823 1292 4262">
    <p class='ocr_par' dir='ltr' id='par_1_5' title="bbox 90 3823 1292 4262">
     <span class='ocr_line' id='line_1_30' title="bbox 132 3823 1291 3900; baseline -0.006 -15"><span class='ocrx_word' id='word_1_293' title='bbox 132 3837 147 3870; x_wconf 78' lang='lat'>⁸</span> <span class='ocrx_word' id='word_1_294' title='bbox 169 3829 358 3886; x_wconf 81' lang='lat' dir='ltr'><strong>Emendatum</strong></span> <span class='ocrx_word' id='word_1_295' title='bbox 372 3848 389 3887; x_wconf 85' lang='lat' dir='ltr'><strong>a</strong></span> <span class='ocrx_word' id='word_1_296' title='bbox 401 3830 471 3886; x_wconf 90' lang='lat' dir='ltr'><strong>libr.</strong></span> <span class='ocrx_word' id='word_1_297' title='bbox 488 3847 526 3885; x_wconf 84' lang='lat' dir='ltr'><strong>ex</strong></span> <span class='ocrx_word' id='word_1_298' title='bbox 545 3831 752 3885; x_wconf 60' lang='lat' dir='ltr'><strong>Vienna-¹²2</strong></span> <span class='ocrx_word' id='word_1_299' title='bbox 770 3829 860 3884; x_wconf 85' lang='lat' dir='ltr'><strong>verba</strong></span> <span class='ocrx_word' id='word_1_300' title='bbox 877 3845 961 3900; x_wconf 78' lang='lat' dir='ltr'><strong>seqq.</strong></span> <span class='ocrx_word' id='word_1_301' title='bbox 984 3823 1096 3881; x_wconf 83' lang='lat' dir='ltr'><strong>addidit</strong></span> <span class='ocrx_word' id='word_1_302' title='bbox 1113 3825 1182 3880; x_wconf 89' lang='lat' dir='ltr'><strong>libr.</strong></span> <span class='ocrx_word' id='word_1_303' title='bbox 1203 3839 1291 3896; x_wconf 83' lang='lat' dir='ltr'><strong>supra</strong></span> 
     </span>
     <span class='ocr_line' id='line_1_31' title="bbox 93 3912 1290 3980; baseline -0.008 -5"><span class='ocrx_word' id='word_1_304' title='bbox 93 3929 200 3972; x_wconf 66' lang='lat' dir='ltr'><strong>veru-⁰</strong></span> <span class='ocrx_word' id='word_1_305' title='bbox 221 3918 415 3976; x_wconf 78' lang='lat' dir='ltr'><strong>Emendatum</strong></span> <span class='ocrx_word' id='word_1_306' title='bbox 428 3937 445 3974; x_wconf 85' lang='lat' dir='ltr'><strong>n</strong></span> <span class='ocrx_word' id='word_1_307' title='bbox 458 3919 495 3974; x_wconf 91' lang='lat' dir='ltr'><strong>N.</strong></span> <span class='ocrx_word' id='word_1_308' title='bbox 509 3936 547 3975; x_wconf 87' lang='lat' dir='ltr'><strong>ex</strong></span> <span class='ocrx_word' id='word_1_309' title='bbox 559 3919 710 3974; x_wconf 80' lang='lat' dir='ltr'><strong>mandati.</strong></span> <span class='ocrx_word' id='word_1_310' title='bbox 723 3918 787 3974; x_wconf 90' lang='lat' dir='ltr'><strong>Non</strong></span> <span class='ocrx_word' id='word_1_311' title='bbox 796 3925 895 3972; x_wconf 85' lang='lat' dir='ltr'><strong>autem</strong></span> <span class='ocrx_word' id='word_1_312' title='bbox 905 3915 1024 3972; x_wconf 87' lang='lat' dir='ltr'><strong>omnino</strong></span> <span class='ocrx_word' id='word_1_313' title='bbox 1034 3912 1220 3969; x_wconf 87' lang='lat' dir='ltr'><strong>emendatum</strong></span> <span class='ocrx_word' id='word_1_314' title='bbox 1233 3919 1290 3980; x_wconf 88' lang='lat' dir='ltr'><strong>est,</strong></span> 
     </span>
     <span class='ocr_line' id='line_1_32' title="bbox 92 4004 1292 4080; baseline -0.008 -15"><span class='ocrx_word' id='word_1_315' title='bbox 92 4019 143 4060; x_wconf 67' lang='lat' dir='ltr'><strong>nam</strong></span> <span class='ocrx_word' id='word_1_316' title='bbox 154 4009 285 4066; x_wconf 84' lang='lat' dir='ltr'><strong>remansit</strong></span> <span class='ocrx_word' id='word_1_317' title='bbox 296 4009 520 4066; x_wconf 66' lang='lat' dir='ltr'><strong>mndata-d</strong></span> <span class='ocrx_word' id='word_1_318' title='bbox 540 4024 559 4079; x_wconf 92' lang='lat'>4</span> <span class='ocrx_word' id='word_1_319' title='bbox 571 4009 662 4063; x_wconf 84' lang='lat' dir='ltr'><strong>verba</strong></span> <span class='ocrx_word' id='word_1_320' title='bbox 674 4025 760 4080; x_wconf 77' lang='lat' dir='ltr'><strong>seqq.</strong></span> <span class='ocrx_word' id='word_1_321' title='bbox 777 4005 889 4062; x_wconf 84' lang='lat' dir='ltr'><strong>addidit</strong></span> <span class='ocrx_word' id='word_1_322' title='bbox 901 4004 969 4061; x_wconf 90' lang='lat' dir='ltr'><strong>libr.</strong></span> <span class='ocrx_word' id='word_1_323' title='bbox 983 4019 1070 4075; x_wconf 77' lang='lat' dir='ltr'><strong>supra</strong></span> <span class='ocrx_word' id='word_1_324' title='bbox 1083 4019 1174 4070; x_wconf 72' lang='lat' dir='ltr'><strong>vern,</strong></span> <span class='ocrx_word' id='word_1_325' title='bbox 1193 4015 1245 4074; x_wconf 88' lang='lat' dir='ltr'><strong>pro</strong></span> <span class='ocrx_word' id='word_1_326' title='bbox 1263 4004 1292 4056; x_wconf 82' lang='lat' dir='ltr'><strong>et</strong></span> 
     </span>
     <span class='ocr_line' id='line_1_33' title="bbox 90 4091 1279 4169; baseline -0.007 -16"><span class='ocrx_word' id='word_1_327' title='bbox 90 4091 240 4169; x_wconf 58' lang='lat' dir='ltr'><strong>formum</strong></span> <span class='ocrx_word' id='word_1_328' title='bbox 252 4099 427 4155; x_wconf 72' lang='lat' dir='ltr'><strong>delevit-0</strong></span> <span class='ocrx_word' id='word_1_329' title='bbox 439 4098 633 4153; x_wconf 82' lang='lat' dir='ltr'><strong>Emendatum</strong></span> <span class='ocrx_word' id='word_1_330' title='bbox 650 4115 666 4152; x_wconf 83' lang='lat' dir='ltr'><strong>a</strong></span> <span class='ocrx_word' id='word_1_331' title='bbox 684 4097 753 4152; x_wconf 90' lang='lat' dir='ltr'><strong>libr.</strong></span> <span class='ocrx_word' id='word_1_332' title='bbox 781 4113 818 4150; x_wconf 87' lang='lat' dir='ltr'><strong>ex</strong></span> <span class='ocrx_word' id='word_1_333' title='bbox 840 4091 1051 4150; x_wconf 60' lang='lat' dir='ltr'><strong>assandam-1</strong></span> <span class='ocrx_word' id='word_1_334' title='bbox 1071 4091 1211 4164; x_wconf 89' lang='lat' dir='ltr'><strong>Sequitur</strong></span> <span class='ocrx_word' id='word_1_335' title='bbox 1232 4107 1279 4145; x_wconf 74' lang='lat' dir='ltr'><strong>me</strong></span> 
     </span>
     <span class='ocr_line' id='line_1_34' title="bbox 90 4181 1129 4262; baseline -0.005 -22"><span class='ocrx_word' id='word_1_336' title='bbox 90 4181 181 4240; x_wconf 71' lang='lat' dir='ltr'><strong>desim</strong></span> <span class='ocrx_word' id='word_1_337' title='bbox 192 4187 376 4244; x_wconf 83' lang='lat' dir='ltr'><strong>obliteratum</strong></span> <span class='ocrx_word' id='word_1_338' title='bbox 388 4205 406 4242; x_wconf 84' lang='lat' dir='ltr'><strong>a</strong></span> <span class='ocrx_word' id='word_1_339' title='bbox 418 4187 489 4262; x_wconf 77' lang='lat' dir='ltr'><strong>libr.</strong></span> <span class='ocrx_word' id='word_1_340' title='bbox 501 4197 548 4242; x_wconf 73' lang='grc' dir='ltr'><strong>-κ</strong></span> <span class='ocrx_word' id='word_1_341' title='bbox 570 4186 709 4260; x_wconf 87' lang='lat' dir='ltr'><strong>Sequitur</strong></span> <span class='ocrx_word' id='word_1_342' title='bbox 721 4189 868 4242; x_wconf 79' lang='lat' dir='ltr'><strong>accettare</strong></span> <span class='ocrx_word' id='word_1_343' title='bbox 888 4183 1019 4238; x_wconf 88' lang='lat' dir='ltr'><strong>deletum</strong></span> <span class='ocrx_word' id='word_1_344' title='bbox 1034 4199 1051 4237; x_wconf 89' lang='lat' dir='ltr'><strong>a</strong></span> <span class='ocrx_word' id='word_1_345' title='bbox 1062 4181 1129 4237; x_wconf 92' lang='lat' dir='ltr'><strong>libr.</strong></span> 
     </span>
    </p>
   </div>
   <div class='ocr_carea' id='block_1_5' title="bbox 92 4285 273 4304">
    <p class='ocr_par' dir='ltr' id='par_1_6' title="bbox 92 4285 273 4304">
     <span class='ocr_line' id='line_1_35' title="bbox 92 4285 273 4304; baseline 0 0"><span class='ocrx_word' id='word_1_346' title='bbox 92 4285 273 4304; x_wconf 34' lang='lat'><strong>5——</strong></span> 
     </span>
    </p>
   </div>
   <div class='ocr_carea' id='block_1_6' title="bbox 132 4330 1292 4412">
    <p class='ocr_par' dir='ltr' id='par_1_7' title="bbox 132 4330 1292 4412">
     <span class='ocr_line' id='line_1_36' title="bbox 132 4330 1292 4412; baseline -0.011 -17"><span class='ocrx_word' id='word_1_347' title='bbox 132 4337 138 4368; x_wconf 89' lang='lat'><strong>¹</strong></span> <span class='ocrx_word' id='word_1_348' title='bbox 170 4336 245 4394; x_wconf 82' lang='lat' dir='ltr'><strong>Haec</strong></span> <span class='ocrx_word' id='word_1_349' title='bbox 261 4338 381 4412; x_wconf 79' lang='lat' dir='ltr'><strong>scripta,</strong></span> <span class='ocrx_word' id='word_1_350' title='bbox 399 4337 478 4412; x_wconf 90' lang='lat' dir='ltr'><strong>quod</strong></span> <span class='ocrx_word' id='word_1_351' title='bbox 495 4337 532 4394; x_wconf 85' lang='lat' dir='ltr'><strong>ad</strong></span> <span class='ocrx_word' id='word_1_352' title='bbox 550 4337 647 4394; x_wconf 86' lang='lat' dir='ltr'><strong>studia</strong></span> <span class='ocrx_word' id='word_1_353' title='bbox 664 4335 780 4401; x_wconf 86' lang='lat' dir='ltr'><strong>attinet,</strong></span> <span class='ocrx_word' id='word_1_354' title='bbox 798 4335 890 4390; x_wconf 85' lang='lat' dir='ltr'><strong>habes</strong></span> <span class='ocrx_word' id='word_1_355' title='bbox 908 4333 938 4389; x_wconf 89' lang='lat' dir='ltr'><strong>in</strong></span> <span class='ocrx_word' id='word_1_356' title='bbox 960 4332 1069 4389; x_wconf 80' lang='lat' dir='ltr'><strong>nostris</strong></span> <span class='ocrx_word' id='word_1_357' title='bbox 1087 4330 1292 4387; x_wconf 75' lang='lat' dir='ltr'><strong>Monumentrs</strong></span> 
     </span>
    </p>
   </div>
   <div class='ocr_carea' id='block_1_7' title="bbox 89 4421 902 4590">
    <p class='ocr_par' dir='ltr' id='par_1_8' title="bbox 89 4421 902 4590">
     <span class='ocr_line' id='line_1_37' title="bbox 89 4421 669 4501; baseline -0.014 -13"><span class='ocrx_word' id='word_1_358' title='bbox 89 4421 287 4500; x_wconf 61' lang='lat' dir='ltr'><strong>monogora,</strong></span> <span class='ocrx_word' id='word_1_359' title='bbox 300 4443 390 4501; x_wconf 82' lang='lat' dir='ltr'><strong>pagg.</strong></span> <span class='ocrx_word' id='word_1_360' title='bbox 403 4427 468 4498; x_wconf 86' lang='lat'><strong>800,</strong></span> <span class='ocrx_word' id='word_1_361' title='bbox 481 4425 545 4495; x_wconf 84' lang='lat'><strong>823,</strong></span> <span class='ocrx_word' id='word_1_362' title='bbox 559 4435 590 4482; x_wconf 89' lang='lat' dir='ltr'><strong>et</strong></span> <span class='ocrx_word' id='word_1_363' title='bbox 603 4425 669 4481; x_wconf 87' lang='lat'><strong>828.</strong></span> 
     </span>
     <span class='ocr_line' id='line_1_38' title="bbox 132 4513 902 4590; baseline 0 -22"><span class='ocrx_word' id='word_1_364' title='bbox 132 4513 141 4544; x_wconf 87' lang='lat'><strong>¹</strong></span> <span class='ocrx_word' id='word_1_365' title='bbox 172 4515 214 4570; x_wconf 85' lang='lat' dir='ltr'><strong>De</strong></span> <span class='ocrx_word' id='word_1_366' title='bbox 225 4517 277 4572; x_wconf 86' lang='lat' dir='ltr'><strong>hoc</strong></span> <span class='ocrx_word' id='word_1_367' title='bbox 289 4516 435 4573; x_wconf 90' lang='lat' dir='ltr'><strong>coenobio</strong></span> <span class='ocrx_word' id='word_1_368' title='bbox 447 4516 516 4572; x_wconf 82' lang='lat' dir='ltr'><strong>vide</strong></span> <span class='ocrx_word' id='word_1_369' title='bbox 530 4516 630 4590; x_wconf 75' lang='lat' dir='ltr'><strong>Epist.</strong></span> <span class='ocrx_word' id='word_1_370' title='bbox 647 4515 771 4578; x_wconf 72' lang='lat' dir='ltr'><strong>Natat„</strong></span> <span class='ocrx_word' id='word_1_371' title='bbox 785 4513 825 4581; x_wconf 93' lang='lat'><strong>11,</strong></span> <span class='ocrx_word' id='word_1_372' title='bbox 839 4523 902 4582; x_wconf 85' lang='lat'><strong>241.</strong></span> 
     </span>
    </p>
   </div>
   <div class='ocr_carea' id='block_1_8' title="bbox 135 4600 1015 4766">
    <p class='ocr_par' dir='ltr' id='par_1_9' title="bbox 135 4600 1015 4766">
     <span class='ocr_line' id='line_1_39' title="bbox 135 4600 679 4679; baseline -0.002 -20"><span class='ocrx_word' id='word_1_373' title='bbox 135 4600 145 4630; x_wconf 81' lang='lat'>⁸</span> <span class='ocrx_word' id='word_1_374' title='bbox 174 4602 326 4679; x_wconf 72' lang='lat' dir='ltr'><strong>ccupat.</strong></span> <span class='ocrx_word' id='word_1_375' title='bbox 345 4605 469 4673; x_wconf 65' lang='lat' dir='ltr'><strong>Natat„</strong></span> <span class='ocrx_word' id='word_1_376' title='bbox 482 4605 522 4676; x_wconf 93' lang='lat'><strong>11,</strong></span> <span class='ocrx_word' id='word_1_377' title='bbox 534 4619 597 4676; x_wconf 85' lang='grc'><strong>499,</strong></span> <span class='ocrx_word' id='word_1_378' title='bbox 612 4616 679 4673; x_wconf 88' lang='lat' dir='ltr'><strong>5oo.</strong></span> 
     </span>
     <span class='ocr_line' id='line_1_40' title="bbox 136 4689 1015 4766; baseline -0.002 -18"><span class='ocrx_word' id='word_1_379' title='bbox 136 4691 146 4722; x_wconf 75' lang='lat'>⁸</span> <span class='ocrx_word' id='word_1_380' title='bbox 175 4689 220 4748; x_wconf 80' lang='lat' dir='ltr'><strong>Cf.</strong></span> <span class='ocrx_word' id='word_1_381' title='bbox 235 4695 398 4766; x_wconf 65' lang='lat' dir='ltr'><strong>Pontum,</strong></span> <span class='ocrx_word' id='word_1_382' title='bbox 413 4694 538 4764; x_wconf 65' lang='lat' dir='ltr'><strong>Chron,</strong></span> <span class='ocrx_word' id='word_1_383' title='bbox 552 4693 606 4764; x_wconf 88' lang='grc'><strong>111,</strong></span> <span class='ocrx_word' id='word_1_384' title='bbox 619 4692 682 4763; x_wconf 73' lang='grc'><strong>258,</strong></span> <span class='ocrx_word' id='word_1_385' title='bbox 696 4691 749 4764; x_wconf 86' lang='lat' dir='ltr'><strong>lv,</strong></span> <span class='ocrx_word' id='word_1_386' title='bbox 762 4689 892 4761; x_wconf 82' lang='lat'><strong>232-234,</strong></span> <span class='ocrx_word' id='word_1_387' title='bbox 905 4697 937 4745; x_wconf 86' lang='lat' dir='ltr'><strong>et</strong></span> <span class='ocrx_word' id='word_1_388' title='bbox 949 4703 1015 4759; x_wconf 85' lang='grc'><strong>249.</strong></span> 
     </span>
    </p>
   </div>
   <div class='ocr_carea' id='block_1_9' title="bbox 0 0 1664 5376">
    <p class='ocr_par' dir='ltr' id='par_1_10' title="bbox 0 0 1664 5376">
     <span class='ocr_line' id='line_1_41' title="bbox 0 0 1664 5376; baseline 0 4"><span class='ocrx_word' id='word_1_389' title='bbox 0 0 1664 5376; x_wconf 95' lang='lat' dir='ltr'><strong> </strong></span> 
     </span>
    </p>
   </div>
  </div>
 </body>
</html>
