<?xml version="1.0" encoding="UTF-8"?>
<!DOCTYPE html PUBLIC "-//W3C//DTD XHTML 1.0 Transitional//EN"
    "http://www.w3.org/TR/xhtml1/DTD/xhtml1-transitional.dtd">
<html xmlns="http://www.w3.org/1999/xhtml" xml:lang="en" lang="en">
 <head>
  <title>
</title>
<meta http-equiv="Content-Type" content="text/html;charset=utf-8" />
  <meta name='ocr-system' content='tesseract 3.04.00' />
  <meta name='ocr-capabilities' content='ocr_page ocr_carea ocr_par ocr_line ocrx_word'/>
</head>
<body>
  <div class='ocr_page' id='page_1' title='image "./epistolaephiero01nadagoog_0084.png"; bbox 0 0 3494 5392; ppageno 0'>
   <div class='ocr_carea' id='block_1_1' title="bbox 578 506 1341 582">
    <p class='ocr_par' dir='ltr' id='par_1_1' title="bbox 578 506 1341 582">
     <span class='ocr_line' id='line_1_1' title="bbox 578 506 1341 582; baseline 0 -18"><span class='ocrx_word' id='word_1_1' title='bbox 578 523 613 580; x_wconf 83' lang='lat'><strong>29</strong></span> <span class='ocrx_word' id='word_1_2' title='bbox 632 521 673 564; x_wconf 84' lang='lat' dir='ltr'><strong>nr</strong></span> <span class='ocrx_word' id='word_1_3' title='bbox 692 506 728 564; x_wconf 88' lang='lat'><strong>30</strong></span> <span class='ocrx_word' id='word_1_4' title='bbox 747 509 864 566; x_wconf 74' lang='lat' dir='ltr'><strong>Mnnrn</strong></span> <span class='ocrx_word' id='word_1_5' title='bbox 884 509 952 579; x_wconf 85' lang='lat'><strong>1566</strong></span> <span class='ocrx_word' id='word_1_6' title='bbox 1307 525 1341 582; x_wconf 83' lang='lat'><strong>45</strong></span> 
     </span>
    </p>
   </div>
   <div class='ocr_carea' id='block_1_2' title="bbox 158 659 1377 3746">
    <p class='ocr_par' dir='ltr' id='par_1_2' title="bbox 158 659 1377 1095">
     <span class='ocr_line' id='line_1_2' title="bbox 158 659 1377 750; baseline 0.003 -22"><span class='ocrx_word' id='word_1_7' title='bbox 158 664 194 728; x_wconf 88' lang='lat' dir='ltr'><strong>P.</strong></span> <span class='ocrx_word' id='word_1_8' title='bbox 211 664 359 731; x_wconf 83' lang='lat' dir='ltr'><strong>Lorenzo</strong></span> <span class='ocrx_word' id='word_1_9' title='bbox 374 662 534 750; x_wconf 83' lang='lat' dir='ltr'><strong>Maggio,</strong></span> <span class='ocrx_word' id='word_1_10' title='bbox 552 662 596 728; x_wconf 75' lang='lat' dir='ltr'><strong>ne</strong></span> <span class='ocrx_word' id='word_1_11' title='bbox 612 659 640 728; x_wconf 89' lang='lat' dir='ltr'><strong>si</strong></span> <span class='ocrx_word' id='word_1_12' title='bbox 656 663 798 728; x_wconf 74' lang='lat' dir='ltr'><strong>trattara</strong></span> <span class='ocrx_word' id='word_1_13' title='bbox 813 661 848 727; x_wconf 87' lang='lat' dir='ltr'><strong>di</strong></span> <span class='ocrx_word' id='word_1_14' title='bbox 864 673 998 746; x_wconf 87' lang='lat' dir='ltr'><strong>quest0,</strong></span> <span class='ocrx_word' id='word_1_15' title='bbox 1017 664 1148 730; x_wconf 77' lang='lat' dir='ltr'><strong>benche</strong></span> <span class='ocrx_word' id='word_1_16' title='bbox 1164 663 1199 729; x_wconf 95' lang='lat' dir='ltr'><strong>in</strong></span> <span class='ocrx_word' id='word_1_17' title='bbox 1216 663 1310 731; x_wconf 90' lang='lat' dir='ltr'><strong>Italia</strong></span> <span class='ocrx_word' id='word_1_18' title='bbox 1325 663 1377 732; x_wconf 87' lang='lat' dir='ltr'><strong>sia</strong></span> 
     </span>
     <span class='ocr_line' id='line_1_3' title="bbox 163 777 1375 847; baseline 0.001 -1"><span class='ocrx_word' id='word_1_19' title='bbox 163 777 238 846; x_wconf 78' lang='lat' dir='ltr'><strong>assai</strong></span> <span class='ocrx_word' id='word_1_20' title='bbox 251 777 456 847; x_wconf 75' lang='lat' dir='ltr'><strong>desiderato.</strong></span> <span class='ocrx_word' id='word_1_21' title='bbox 474 779 615 844; x_wconf 92' lang='lat' dir='ltr'><strong>Intorno</strong></span> <span class='ocrx_word' id='word_1_22' title='bbox 630 778 664 844; x_wconf 86' lang='lat' dir='ltr'><strong>al</strong></span> <span class='ocrx_word' id='word_1_23' title='bbox 680 780 720 844; x_wconf 91' lang='lat' dir='ltr'><strong>P.</strong></span> <span class='ocrx_word' id='word_1_24' title='bbox 741 777 846 844; x_wconf 88' lang='lat' dir='ltr'><strong>Paolo</strong></span> <span class='ocrx_word' id='word_1_25' title='bbox 866 777 922 844; x_wconf 68' lang='lat' dir='ltr'><strong>¹di</strong></span> <span class='ocrx_word' id='word_1_26' title='bbox 935 778 1117 845; x_wconf 86' lang='lat' dir='ltr'><strong>Monachio</strong></span> <span class='ocrx_word' id='word_1_27' title='bbox 1128 791 1163 846; x_wconf 92' lang='lat' dir='ltr'><strong>et</strong></span> <span class='ocrx_word' id='word_1_28' title='bbox 1180 780 1220 845; x_wconf 90' lang='lat' dir='ltr'><strong>P.</strong></span> <span class='ocrx_word' id='word_1_29' title='bbox 1246 781 1375 847; x_wconf 89' lang='lat' dir='ltr'><strong>Dome-</strong></span> 
     </span>
     <span class='ocr_line' id='line_1_4' title="bbox 166 892 1372 979; baseline 0.002 -20"><span class='ocrx_word' id='word_1_30' title='bbox 166 895 231 960; x_wconf 88' lang='lat' dir='ltr'><strong>nico</strong></span> <span class='ocrx_word' id='word_1_31' title='bbox 245 895 269 974; x_wconf 86' lang='lat'><strong>’‚</strong></span> <span class='ocrx_word' id='word_1_32' title='bbox 285 893 310 958; x_wconf 92' lang='lat' dir='ltr'><strong>il</strong></span> <span class='ocrx_word' id='word_1_33' title='bbox 324 892 515 962; x_wconf 89' lang='lat' dir='ltr'><strong>medesimo</strong></span> <span class='ocrx_word' id='word_1_34' title='bbox 531 892 676 979; x_wconf 84' lang='lat' dir='ltr'><strong>disegno</strong></span> <span class='ocrx_word' id='word_1_35' title='bbox 692 894 756 960; x_wconf 90' lang='lat' dir='ltr'><strong>che</strong></span> <span class='ocrx_word' id='word_1_36' title='bbox 772 893 816 960; x_wconf 89' lang='lat' dir='ltr'><strong>V.</strong></span> <span class='ocrx_word' id='word_1_37' title='bbox 836 893 877 959; x_wconf 82' lang='lat' dir='ltr'><strong>R.</strong></span> <span class='ocrx_word' id='word_1_38' title='bbox 897 893 1008 960; x_wconf 88' lang='lat' dir='ltr'><strong>scriue</strong></span> <span class='ocrx_word' id='word_1_39' title='bbox 1023 893 1054 960; x_wconf 91' lang='lat' dir='ltr'><strong>ci</strong></span> <span class='ocrx_word' id='word_1_40' title='bbox 1070 915 1128 961; x_wconf 88' lang='lat' dir='ltr'><strong>era</strong></span> <span class='ocrx_word' id='word_1_41' title='bbox 1141 913 1280 961; x_wconf 86' lang='lat' dir='ltr'><strong>oecorso</strong></span> <span class='ocrx_word' id='word_1_42' title='bbox 1293 915 1372 979; x_wconf 88' lang='lat' dir='ltr'><strong>qua,</strong></span> 
     </span>
     <span class='ocr_line' id='line_1_5' title="bbox 169 1006 1290 1095; baseline 0 -19"><span class='ocrx_word' id='word_1_43' title='bbox 169 1022 198 1076; x_wconf 88' lang='lat' dir='ltr'><strong>et</strong></span> <span class='ocrx_word' id='word_1_44' title='bbox 210 1010 274 1076; x_wconf 88' lang='lat' dir='ltr'><strong>cosi</strong></span> <span class='ocrx_word' id='word_1_45' title='bbox 288 1008 326 1074; x_wconf 85' lang='lat' dir='ltr'><strong>fu</strong></span> <span class='ocrx_word' id='word_1_46' title='bbox 341 1008 399 1095; x_wconf 72' lang='lat' dir='ltr'><strong>gia</strong></span> <span class='ocrx_word' id='word_1_47' title='bbox 415 1007 548 1088; x_wconf 82' lang='lat' dir='ltr'><strong>scritt03</strong></span> <span class='ocrx_word' id='word_1_48' title='bbox 566 1007 600 1073; x_wconf 91' lang='lat' dir='ltr'><strong>di</strong></span> <span class='ocrx_word' id='word_1_49' title='bbox 615 1027 731 1074; x_wconf 88' lang='lat' dir='ltr'><strong>nuouo</strong></span> <span class='ocrx_word' id='word_1_50' title='bbox 747 1006 794 1072; x_wconf 89' lang='lat' dir='ltr'><strong>mi</strong></span> <span class='ocrx_word' id='word_1_51' title='bbox 809 1006 947 1075; x_wconf 90' lang='lat' dir='ltr'><strong>rimetto</strong></span> <span class='ocrx_word' id='word_1_52' title='bbox 962 1007 997 1074; x_wconf 90' lang='lat' dir='ltr'><strong>in</strong></span> <span class='ocrx_word' id='word_1_53' title='bbox 1014 1019 1135 1093; x_wconf 91' lang='lat' dir='ltr'><strong>questo</strong></span> <span class='ocrx_word' id='word_1_54' title='bbox 1151 1031 1170 1076; x_wconf 87' lang='lat' dir='ltr'><strong>a</strong></span> <span class='ocrx_word' id='word_1_55' title='bbox 1187 1011 1230 1076; x_wconf 93' lang='lat' dir='ltr'><strong>V.</strong></span> <span class='ocrx_word' id='word_1_56' title='bbox 1250 1010 1290 1076; x_wconf 89' lang='lat' dir='ltr'><strong>R.</strong></span> 
     </span>
    </p>

    <p class='ocr_par' dir='ltr' id='par_1_3' title="bbox 170 1121 1375 1787">
     <span class='ocr_line' id='line_1_6' title="bbox 226 1121 1375 1210; baseline 0.001 -19"><span class='ocrx_word' id='word_1_57' title='bbox 226 1143 254 1208; x_wconf 88' lang='lat'><strong>3.</strong></span> <span class='ocrx_word' id='word_1_58' title='bbox 298 1123 361 1191; x_wconf 76' lang='lat' dir='ltr'><strong>Cio</strong></span> <span class='ocrx_word' id='word_1_59' title='bbox 376 1125 442 1192; x_wconf 91' lang='lat' dir='ltr'><strong>che</strong></span> <span class='ocrx_word' id='word_1_60' title='bbox 458 1121 487 1188; x_wconf 92' lang='lat' dir='ltr'><strong>si</strong></span> <span class='ocrx_word' id='word_1_61' title='bbox 503 1122 615 1191; x_wconf 88' lang='lat' dir='ltr'><strong>scriue</strong></span> <span class='ocrx_word' id='word_1_62' title='bbox 630 1122 686 1190; x_wconf 92' lang='lat' dir='ltr'><strong>del</strong></span> <span class='ocrx_word' id='word_1_63' title='bbox 702 1125 743 1189; x_wconf 88' lang='lat' dir='ltr'><strong>P.</strong></span> <span class='ocrx_word' id='word_1_64' title='bbox 758 1124 889 1208; x_wconf 89' lang='lat' dir='ltr'><strong>Lanoy,</strong></span> <span class='ocrx_word' id='word_1_65' title='bbox 904 1123 1000 1190; x_wconf 88' lang='lat' dir='ltr'><strong>finito</strong></span> <span class='ocrx_word' id='word_1_66' title='bbox 1012 1122 1036 1189; x_wconf 92' lang='lat' dir='ltr'><strong>il</strong></span> <span class='ocrx_word' id='word_1_67' title='bbox 1049 1123 1194 1190; x_wconf 89' lang='lat' dir='ltr'><strong>triennio</strong></span> <span class='ocrx_word' id='word_1_68' title='bbox 1206 1146 1281 1206; x_wconf 90' lang='lat' dir='ltr'><strong>suo,</strong></span> <span class='ocrx_word' id='word_1_69' title='bbox 1295 1147 1375 1210; x_wconf 90' lang='lat' dir='ltr'><strong>pare</strong></span> 
     </span>
     <span class='ocr_line' id='line_1_7' title="bbox 170 1238 1374 1326; baseline 0 -20"><span class='ocrx_word' id='word_1_70' title='bbox 170 1241 226 1306; x_wconf 88' lang='lat' dir='ltr'><strong>ben</strong></span> <span class='ocrx_word' id='word_1_71' title='bbox 239 1249 387 1326; x_wconf 88' lang='lat' dir='ltr'><strong>pensato;</strong></span> <span class='ocrx_word' id='word_1_72' title='bbox 406 1260 463 1305; x_wconf 88' lang='lat' dir='ltr'><strong>ma</strong></span> <span class='ocrx_word' id='word_1_73' title='bbox 478 1238 712 1306; x_wconf 88' lang='lat' dir='ltr'><strong>conuerrebbe</strong></span> <span class='ocrx_word' id='word_1_74' title='bbox 728 1248 868 1306; x_wconf 88' lang='lat' dir='ltr'><strong>trattare</strong></span> <span class='ocrx_word' id='word_1_75' title='bbox 884 1238 985 1306; x_wconf 89' lang='lat' dir='ltr'><strong>etiam</strong></span> <span class='ocrx_word' id='word_1_76' title='bbox 1002 1239 1045 1306; x_wconf 87' lang='lat' dir='ltr'><strong>de</strong></span> <span class='ocrx_word' id='word_1_77' title='bbox 1061 1238 1108 1305; x_wconf 87' lang='lat' dir='ltr'><strong>lui</strong></span> <span class='ocrx_word' id='word_1_78' title='bbox 1128 1261 1193 1306; x_wconf 91' lang='lat' dir='ltr'><strong>eon</strong></span> <span class='ocrx_word' id='word_1_79' title='bbox 1214 1241 1246 1306; x_wconf 88' lang='lat' dir='ltr'><strong>la</strong></span> <span class='ocrx_word' id='word_1_80' title='bbox 1266 1239 1374 1326; x_wconf 87' lang='lat' dir='ltr'><strong>impe-</strong></span> 
     </span>
     <span class='ocr_line' id='line_1_8' title="bbox 170 1352 1371 1441; baseline 0.002 -20"><span class='ocrx_word' id='word_1_81' title='bbox 170 1355 285 1435; x_wconf 86' lang='lat' dir='ltr'><strong>ratrice,</strong></span> <span class='ocrx_word' id='word_1_82' title='bbox 300 1355 427 1440; x_wconf 75' lang='lat' dir='ltr'><strong>perche</strong></span> <span class='ocrx_word' id='word_1_83' title='bbox 443 1352 490 1419; x_wconf 90' lang='lat' dir='ltr'><strong>mi</strong></span> <span class='ocrx_word' id='word_1_84' title='bbox 505 1353 628 1420; x_wconf 89' lang='lat' dir='ltr'><strong>scrisse</strong></span> <span class='ocrx_word' id='word_1_85' title='bbox 643 1355 666 1419; x_wconf 83' lang='lat'><strong>1’</strong></span> <span class='ocrx_word' id='word_1_86' title='bbox 690 1375 780 1421; x_wconf 88' lang='lat' dir='ltr'><strong>anno</strong></span> <span class='ocrx_word' id='word_1_87' title='bbox 801 1364 938 1439; x_wconf 85' lang='lat' dir='ltr'><strong>passato</strong></span> <span class='ocrx_word' id='word_1_88' title='bbox 958 1375 1059 1441; x_wconf 88' lang='lat' dir='ltr'>sopra</span> <span class='ocrx_word' id='word_1_89' title='bbox 1079 1354 1192 1422; x_wconf 83' lang='lat' dir='ltr'><strong>iinon</strong></span> <span class='ocrx_word' id='word_1_90' title='bbox 1213 1357 1371 1423; x_wconf 88' lang='lat' dir='ltr'><strong>mutar10.</strong></span> 
     </span>
     <span class='ocr_line' id='line_1_9' title="bbox 171 1469 1372 1556; baseline 0.002 -19"><span class='ocrx_word' id='word_1_91' title='bbox 171 1471 265 1538; x_wconf 85' lang='lat' dir='ltr'><strong>Credo</strong></span> <span class='ocrx_word' id='word_1_92' title='bbox 280 1471 359 1555; x_wconf 80' lang='lat' dir='ltr'><strong>pero</strong></span> <span class='ocrx_word' id='word_1_93' title='bbox 375 1471 453 1552; x_wconf 90' lang='lat' dir='ltr'><strong>che,</strong></span> <span class='ocrx_word' id='word_1_94' title='bbox 471 1469 621 1537; x_wconf 91' lang='lat' dir='ltr'><strong>tenendo</strong></span> <span class='ocrx_word' id='word_1_95' title='bbox 635 1469 779 1555; x_wconf 86' lang='lat' dir='ltr'><strong>rispetto</strong></span> <span class='ocrx_word' id='word_1_96' title='bbox 795 1469 859 1536; x_wconf 84' lang='lat' dir='ltr'><strong>alle</strong></span> <span class='ocrx_word' id='word_1_97' title='bbox 879 1479 1038 1556; x_wconf 80' lang='lat' dir='ltr'>cognate,</span> <span class='ocrx_word' id='word_1_98' title='bbox 1061 1470 1090 1536; x_wconf 91' lang='lat' dir='ltr'><strong>si</strong></span> <span class='ocrx_word' id='word_1_99' title='bbox 1110 1475 1316 1538; x_wconf 67' lang='lat' dir='ltr'><strong>contentari,</strong></span> <span class='ocrx_word' id='word_1_100' title='bbox 1339 1475 1372 1540; x_wconf 89' lang='grc' dir='ltr'>Α</span> 
     </span>
     <span class='ocr_line' id='line_1_10' title="bbox 171 1585 1372 1672; baseline 0 -20"><span class='ocrx_word' id='word_1_101' title='bbox 171 1587 347 1672; x_wconf 86' lang='lat' dir='ltr'><strong>Portogallo</strong></span> <span class='ocrx_word' id='word_1_102' title='bbox 366 1585 396 1652; x_wconf 92' lang='lat' dir='ltr'><strong>si</strong></span> <span class='ocrx_word' id='word_1_103' title='bbox 419 1588 518 1672; x_wconf 76' lang='lat' dir='ltr'><strong>potra</strong></span> <span class='ocrx_word' id='word_1_104' title='bbox 538 1585 688 1654; x_wconf 87' lang='lat' dir='ltr'><strong>scriuere</strong></span> <span class='ocrx_word' id='word_1_105' title='bbox 715 1605 817 1669; x_wconf 87' lang='lat' dir='ltr'>sopra</span> <span class='ocrx_word' id='word_1_106' title='bbox 843 1587 1008 1670; x_wconf 88' lang='lat' dir='ltr'><strong>Xpoforo.</strong></span> <span class='ocrx_word' id='word_1_107' title='bbox 1028 1585 1177 1666; x_wconf 90' lang='lat' dir='ltr'><strong>indian0,</strong></span> <span class='ocrx_word' id='word_1_108' title='bbox 1196 1586 1251 1653; x_wconf 89' lang='lat' dir='ltr'><strong>cui</strong></span> <span class='ocrx_word' id='word_1_109' title='bbox 1266 1587 1372 1654; x_wconf 90' lang='lat' dir='ltr'><strong>buoni</strong></span> 
     </span>
     <span class='ocr_line' id='line_1_11' title="bbox 170 1699 1110 1787; baseline 0 -20"><span class='ocrx_word' id='word_1_110' title='bbox 170 1699 305 1786; x_wconf 87' lang='lat' dir='ltr'><strong>desiderij</strong></span> <span class='ocrx_word' id='word_1_111' title='bbox 323 1699 491 1768; x_wconf 89' lang='lat' dir='ltr'><strong>meritano</strong></span> <span class='ocrx_word' id='word_1_112' title='bbox 506 1700 556 1768; x_wconf 87' lang='lat' dir='ltr'><strong>sia</strong></span> <span class='ocrx_word' id='word_1_113' title='bbox 571 1700 746 1767; x_wconf 91' lang='lat' dir='ltr'><strong>consolato</strong></span> <span class='ocrx_word' id='word_1_114' title='bbox 762 1699 798 1768; x_wconf 92' lang='lat' dir='ltr'><strong>in</strong></span> <span class='ocrx_word' id='word_1_115' title='bbox 811 1702 891 1784; x_wconf 90' lang='lat' dir='ltr'><strong>quel</strong></span> <span class='ocrx_word' id='word_1_116' title='bbox 907 1699 1015 1767; x_wconf 91' lang='lat' dir='ltr'><strong>chesi</strong></span> <span class='ocrx_word' id='word_1_117' title='bbox 1031 1701 1110 1787; x_wconf 79' lang='lat' dir='ltr'><strong>puo.</strong></span> 
     </span>
    </p>

    <p class='ocr_par' dir='ltr' id='par_1_4' title="bbox 165 1813 1373 3746">
     <span class='ocr_line' id='line_1_12' title="bbox 224 1813 1372 1902; baseline 0 -19"><span class='ocrx_word' id='word_1_118' title='bbox 224 1837 253 1898; x_wconf 83' lang='lat'><strong>4.</strong></span> <span class='ocrx_word' id='word_1_119' title='bbox 298 1819 324 1883; x_wconf 92' lang='lat' dir='ltr'><strong>Il</strong></span> <span class='ocrx_word' id='word_1_120' title='bbox 340 1815 488 1902; x_wconf 86' lang='lat' dir='ltr'><strong>collegio</strong></span> <span class='ocrx_word' id='word_1_121' title='bbox 503 1815 546 1882; x_wconf 91' lang='lat' dir='ltr'><strong>de</strong></span> <span class='ocrx_word' id='word_1_122' title='bbox 562 1817 782 1902; x_wconf 87' lang='lat' dir='ltr'><strong>Brunsperga</strong></span> <span class='ocrx_word' id='word_1_123' title='bbox 796 1817 842 1882; x_wconf 88' lang='lat' dir='ltr'><strong>ha</strong></span> <span class='ocrx_word' id='word_1_124' title='bbox 857 1815 962 1882; x_wconf 90' lang='lat' dir='ltr'><strong>molto</strong></span> <span class='ocrx_word' id='word_1_125' title='bbox 977 1813 1122 1902; x_wconf 87' lang='lat' dir='ltr'><strong>bisogno</strong></span> <span class='ocrx_word' id='word_1_126' title='bbox 1138 1815 1173 1882; x_wconf 91' lang='lat' dir='ltr'><strong>di</strong></span> <span class='ocrx_word' id='word_1_127' title='bbox 1189 1839 1282 1886; x_wconf 87' lang='lat' dir='ltr'><strong>esser</strong></span> <span class='ocrx_word' id='word_1_128' title='bbox 1296 1817 1372 1884; x_wconf 91' lang='lat' dir='ltr'><strong>aiu-</strong></span> 
     </span>
     <span class='ocr_line' id='line_1_13' title="bbox 172 1911 1373 2016; baseline 0.002 -20"><span class='ocrx_word' id='word_1_129' title='bbox 172 1941 240 2014; x_wconf 89' lang='lat' dir='ltr'><strong>tato,</strong></span> <span class='ocrx_word' id='word_1_130' title='bbox 262 1932 426 1998; x_wconf 88' lang='lat' dir='ltr'><strong>mutando</strong></span> <span class='ocrx_word' id='word_1_131' title='bbox 448 1940 554 1997; x_wconf 84' lang='lat' dir='ltr'><strong>rettor</strong></span> <span class='ocrx_word' id='word_1_132' title='bbox 580 1941 615 1996; x_wconf 89' lang='lat' dir='ltr'><strong>et</strong></span> <span class='ocrx_word' id='word_1_133' title='bbox 642 1930 845 2016; x_wconf 77' lang='lat' dir='ltr'><strong>predicator,</strong></span> <span class='ocrx_word' id='word_1_134' title='bbox 875 1940 910 1998; x_wconf 93' lang='lat' dir='ltr'><strong>et</strong></span> <span class='ocrx_word' id='word_1_135' title='bbox 937 1911 1046 1998; x_wconf 82' lang='lat' dir='ltr'><strong>anche</strong></span> <span class='ocrx_word' id='word_1_136' title='bbox 1072 1930 1096 1997; x_wconf 91' lang='lat' dir='ltr'><strong>il</strong></span> <span class='ocrx_word' id='word_1_137' title='bbox 1115 1942 1263 1999; x_wconf 87' lang='lat' dir='ltr'><strong>maestro</strong></span> <span class='ocrx_word' id='word_1_138' title='bbox 1284 1933 1373 2000; x_wconf 90' lang='lat' dir='ltr'><strong>della</strong></span> 
     </span>
     <span class='ocr_line' id='line_1_14' title="bbox 170 2045 1373 2132; baseline 0.002 -20"><span class='ocrx_word' id='word_1_139' title='bbox 170 2045 261 2130; x_wconf 90' lang='lat' dir='ltr'><strong>prima</strong></span> <span class='ocrx_word' id='word_1_140' title='bbox 274 2047 401 2114; x_wconf 89' lang='lat' dir='ltr'><strong>schola.</strong></span> <span class='ocrx_word' id='word_1_141' title='bbox 421 2046 459 2112; x_wconf 94' lang='lat' dir='ltr'><strong>In</strong></span> <span class='ocrx_word' id='word_1_142' title='bbox 476 2046 553 2112; x_wconf 87' lang='lat' dir='ltr'><strong>loeo</strong></span> <span class='ocrx_word' id='word_1_143' title='bbox 568 2046 624 2114; x_wconf 88' lang='lat' dir='ltr'><strong>del</strong></span> <span class='ocrx_word' id='word_1_144' title='bbox 639 2055 757 2125; x_wconf 90' lang='lat' dir='ltr'><strong>rettor‚</strong></span> <span class='ocrx_word' id='word_1_145' title='bbox 771 2047 835 2114; x_wconf 88' lang='lat' dir='ltr'><strong>che</strong></span> <span class='ocrx_word' id='word_1_146' title='bbox 851 2045 906 2113; x_wconf 75' lang='lat' dir='ltr'><strong>eil</strong></span> <span class='ocrx_word' id='word_1_147' title='bbox 922 2046 1034 2112; x_wconf 91' lang='lat' dir='ltr'><strong>dottor</strong></span> <span class='ocrx_word' id='word_1_148' title='bbox 1049 2048 1215 2132; x_wconf 81' lang='lat' dir='ltr'><strong>Xpoforo.</strong></span> <span class='ocrx_word' id='word_1_149' title='bbox 1230 2047 1373 2115; x_wconf 89' lang='lat' dir='ltr'><strong>Strobe-</strong></span> 
     </span>
     <span class='ocr_line' id='line_1_15' title="bbox 170 2159 1372 2249; baseline 0.002 -23"><span class='ocrx_word' id='word_1_150' title='bbox 170 2161 206 2226; x_wconf 92' lang='lat' dir='ltr'><strong>lio</strong></span> <span class='ocrx_word' id='word_1_151' title='bbox 219 2163 242 2245; x_wconf 78' lang='lat'><strong>⁸,</strong></span> <span class='ocrx_word' id='word_1_152' title='bbox 257 2161 284 2228; x_wconf 89' lang='lat' dir='ltr'><strong>si</strong></span> <span class='ocrx_word' id='word_1_153' title='bbox 299 2161 412 2230; x_wconf 91' lang='lat' dir='ltr'><strong>scriue</strong></span> <span class='ocrx_word' id='word_1_154' title='bbox 428 2162 461 2226; x_wconf 87' lang='lat' dir='ltr'><strong>al</strong></span> <span class='ocrx_word' id='word_1_155' title='bbox 478 2164 518 2228; x_wconf 91' lang='lat' dir='ltr'><strong>P.</strong></span> <span class='ocrx_word' id='word_1_156' title='bbox 537 2159 661 2230; x_wconf 88' lang='lat' dir='ltr'><strong>Sunier</strong></span> <span class='ocrx_word' id='word_1_157' title='bbox 676 2170 784 2230; x_wconf 87' lang='lat' dir='ltr'><strong>metta</strong></span> <span class='ocrx_word' id='word_1_158' title='bbox 798 2182 860 2247; x_wconf 87' lang='lat' dir='ltr'><strong>per</strong></span> <span class='ocrx_word' id='word_1_159' title='bbox 875 2160 1057 2230; x_wconf 89' lang='lat' dir='ltr'><strong>vicerettor</strong></span> <span class='ocrx_word' id='word_1_160' title='bbox 1068 2163 1101 2228; x_wconf 96' lang='lat' dir='ltr'><strong>al</strong></span> <span class='ocrx_word' id='word_1_161' title='bbox 1112 2161 1277 2242; x_wconf 81' lang='lat' dir='ltr'><strong>ministre,</strong></span> <span class='ocrx_word' id='word_1_162' title='bbox 1293 2184 1372 2249; x_wconf 77' lang='lat' dir='ltr'><strong>pro-</strong></span> 
     </span>
     <span class='ocr_line' id='line_1_16' title="bbox 169 2275 1370 2360; baseline 0 -17"><span class='ocrx_word' id='word_1_163' title='bbox 169 2277 262 2344; x_wconf 85' lang='lat' dir='ltr'><strong>bando</strong></span> <span class='ocrx_word' id='word_1_164' title='bbox 277 2278 300 2342; x_wconf 92' lang='lat' dir='ltr'><strong>il</strong></span> <span class='ocrx_word' id='word_1_165' title='bbox 313 2298 378 2344; x_wconf 91' lang='lat' dir='ltr'><strong>suo</strong></span> <span class='ocrx_word' id='word_1_166' title='bbox 394 2277 536 2356; x_wconf 87' lang='lat' dir='ltr'><strong>talento,</strong></span> <span class='ocrx_word' id='word_1_167' title='bbox 558 2287 594 2344; x_wconf 89' lang='lat' dir='ltr'><strong>et</strong></span> <span class='ocrx_word' id='word_1_168' title='bbox 616 2276 760 2343; x_wconf 76' lang='lat' dir='ltr'><strong>iacendo</strong></span> <span class='ocrx_word' id='word_1_169' title='bbox 780 2276 878 2344; x_wconf 90' lang='lat' dir='ltr'><strong>uenir</strong></span> <span class='ocrx_word' id='word_1_170' title='bbox 898 2277 930 2343; x_wconf 74' lang='lat' dir='ltr'><strong>la</strong></span> <span class='ocrx_word' id='word_1_171' title='bbox 950 2275 974 2341; x_wconf 89' lang='lat' dir='ltr'><strong>il</strong></span> <span class='ocrx_word' id='word_1_172' title='bbox 997 2277 1112 2343; x_wconf 87' lang='lat' dir='ltr'><strong>dottor</strong></span> <span class='ocrx_word' id='word_1_173' title='bbox 1140 2277 1321 2345; x_wconf 86' lang='lat' dir='ltr'><strong>Baldassar</strong></span> <span class='ocrx_word' id='word_1_174' title='bbox 1344 2279 1370 2360; x_wconf 80' lang='lat'><strong>⁴,</strong></span> 
     </span>
     <span class='ocr_line' id='line_1_17' title="bbox 166 2391 1368 2480; baseline 0.002 -23"><span class='ocrx_word' id='word_1_175' title='bbox 166 2392 462 2478; x_wconf 88' lang='lat' dir='ltr'><strong>superintendente‚</strong></span> <span class='ocrx_word' id='word_1_176' title='bbox 480 2403 515 2458; x_wconf 91' lang='lat' dir='ltr'><strong>et</strong></span> <span class='ocrx_word' id='word_1_177' title='bbox 532 2391 738 2459; x_wconf 87' lang='lat' dir='ltr'><strong>sermandosi</strong></span> <span class='ocrx_word' id='word_1_178' title='bbox 754 2391 802 2457; x_wconf 93' lang='lat' dir='ltr'><strong>lui</strong></span> <span class='ocrx_word' id='word_1_179' title='bbox 821 2391 945 2458; x_wconf 84' lang='lat' dir='ltr'><strong>istesso</strong></span> <span class='ocrx_word' id='word_1_180' title='bbox 958 2414 1020 2478; x_wconf 89' lang='lat' dir='ltr'><strong>per</strong></span> <span class='ocrx_word' id='word_1_181' title='bbox 1043 2392 1186 2478; x_wconf 87' lang='lat' dir='ltr'>qualche</span> <span class='ocrx_word' id='word_1_182' title='bbox 1204 2403 1317 2480; x_wconf 85' lang='lat' dir='ltr'>tempo</span> <span class='ocrx_word' id='word_1_183' title='bbox 1332 2393 1368 2460; x_wconf 91' lang='lat' dir='ltr'><strong>li.</strong></span> 
     </span>
     <span class='ocr_line' id='line_1_18' title="bbox 165 2506 1371 2593; baseline 0.002 -21"><span class='ocrx_word' id='word_1_184' title='bbox 165 2508 196 2572; x_wconf 90' lang='lat' dir='ltr'><strong>ln</strong></span> <span class='ocrx_word' id='word_1_185' title='bbox 208 2507 305 2593; x_wconf 87' lang='lat' dir='ltr'><strong>luogo</strong></span> <span class='ocrx_word' id='word_1_186' title='bbox 319 2507 374 2574; x_wconf 91' lang='lat' dir='ltr'><strong>del</strong></span> <span class='ocrx_word' id='word_1_187' title='bbox 390 2507 596 2592; x_wconf 85' lang='lat' dir='ltr'>predicator,</span> <span class='ocrx_word' id='word_1_188' title='bbox 614 2508 680 2572; x_wconf 90' lang='lat' dir='ltr'><strong>che</strong></span> <span class='ocrx_word' id='word_1_189' title='bbox 695 2527 764 2574; x_wconf 90' lang='lat' dir='ltr'><strong>non</strong></span> <span class='ocrx_word' id='word_1_190' title='bbox 783 2509 804 2574; x_wconf 84' lang='lat' dir='ltr'><strong>e</strong></span> <span class='ocrx_word' id='word_1_191' title='bbox 824 2506 947 2586; x_wconf 89' lang='lat' dir='ltr'><strong>inteso,</strong></span> <span class='ocrx_word' id='word_1_192' title='bbox 965 2507 993 2572; x_wconf 90' lang='lat' dir='ltr'><strong>si</strong></span> <span class='ocrx_word' id='word_1_193' title='bbox 1010 2506 1120 2574; x_wconf 91' lang='lat' dir='ltr'><strong>scriue</strong></span> <span class='ocrx_word' id='word_1_194' title='bbox 1144 2508 1209 2574; x_wconf 87' lang='lat' dir='ltr'><strong>alla</strong></span> <span class='ocrx_word' id='word_1_195' title='bbox 1232 2507 1371 2577; x_wconf 86' lang='lat' dir='ltr'><strong>inferior</strong></span> 
     </span>
     <span class='ocr_line' id='line_1_19' title="bbox 165 2620 1371 2708; baseline 0 -20"><span class='ocrx_word' id='word_1_196' title='bbox 165 2621 330 2690; x_wconf 82' lang='lat' dir='ltr'>Germania</span> <span class='ocrx_word' id='word_1_197' title='bbox 344 2620 508 2688; x_wconf 89' lang='lat' dir='ltr'><strong>mandino</strong></span> <span class='ocrx_word' id='word_1_198' title='bbox 523 2620 548 2687; x_wconf 93' lang='lat' dir='ltr'><strong>il</strong></span> <span class='ocrx_word' id='word_1_199' title='bbox 561 2621 676 2688; x_wconf 90' lang='lat' dir='ltr'><strong>dottor</strong></span> <span class='ocrx_word' id='word_1_200' title='bbox 692 2623 842 2690; x_wconf 85' lang='lat' dir='ltr'><strong>Astense</strong></span> <span class='ocrx_word' id='word_1_201' title='bbox 860 2624 885 2698; x_wconf 79' lang='lat'><strong>³,</strong></span> <span class='ocrx_word' id='word_1_202' title='bbox 899 2631 934 2688; x_wconf 92' lang='lat' dir='ltr'><strong>et</strong></span> <span class='ocrx_word' id='word_1_203' title='bbox 945 2621 1057 2708; x_wconf 86' lang='lat' dir='ltr'><strong>potria</strong></span> <span class='ocrx_word' id='word_1_204' title='bbox 1068 2643 1180 2690; x_wconf 82' lang='lat' dir='ltr'><strong>essere</strong></span> <span class='ocrx_word' id='word_1_205' title='bbox 1195 2625 1260 2692; x_wconf 92' lang='lat' dir='ltr'><strong>che</strong></span> <span class='ocrx_word' id='word_1_206' title='bbox 1272 2623 1330 2708; x_wconf 88' lang='lat' dir='ltr'><strong>qui</strong></span> <span class='ocrx_word' id='word_1_207' title='bbox 1342 2623 1371 2689; x_wconf 92' lang='lat' dir='ltr'><strong>si</strong></span> 
     </span>
     <span class='ocr_line' id='line_1_20' title="bbox 166 2735 1371 2824; baseline 0.003 -22"><span class='ocrx_word' id='word_1_208' title='bbox 166 2737 318 2804; x_wconf 81' lang='lat' dir='ltr'><strong>mandassi</strong></span> <span class='ocrx_word' id='word_1_209' title='bbox 333 2759 403 2804; x_wconf 88' lang='lat' dir='ltr'><strong>una</strong></span> <span class='ocrx_word' id='word_1_210' title='bbox 419 2737 540 2803; x_wconf 89' lang='lat' dir='ltr'><strong>lettera</strong></span> <span class='ocrx_word' id='word_1_211' title='bbox 554 2737 610 2822; x_wconf 93' lang='lat' dir='ltr'><strong>pel</strong></span> <span class='ocrx_word' id='word_1_212' title='bbox 630 2735 707 2804; x_wconf 90' lang='lat' dir='ltr'><strong>vice</strong></span> <span class='ocrx_word' id='word_1_213' title='bbox 726 2735 947 2822; x_wconf 89' lang='lat' dir='ltr'><strong>prouinciale.</strong></span> <span class='ocrx_word' id='word_1_214' title='bbox 971 2737 1009 2802; x_wconf 80' lang='lat' dir='ltr'><strong>ln</strong></span> <span class='ocrx_word' id='word_1_215' title='bbox 1032 2737 1137 2824; x_wconf 84' lang='lat' dir='ltr'><strong>luogo</strong></span> <span class='ocrx_word' id='word_1_216' title='bbox 1152 2737 1208 2805; x_wconf 92' lang='lat' dir='ltr'><strong>del</strong></span> <span class='ocrx_word' id='word_1_217' title='bbox 1223 2749 1371 2806; x_wconf 91' lang='lat' dir='ltr'><strong>maestro</strong></span> 
     </span>
     <span class='ocr_line' id='line_1_21' title="bbox 166 2851 1372 2938; baseline 0.003 -22"><span class='ocrx_word' id='word_1_218' title='bbox 166 2851 240 2918; x_wconf 85' lang='lat' dir='ltr'><strong>della</strong></span> <span class='ocrx_word' id='word_1_219' title='bbox 254 2851 359 2938; x_wconf 88' lang='lat' dir='ltr'><strong>prima</strong></span> <span class='ocrx_word' id='word_1_220' title='bbox 374 2852 505 2931; x_wconf 87' lang='lat' dir='ltr'><strong>schola,</strong></span> <span class='ocrx_word' id='word_1_221' title='bbox 523 2854 588 2920; x_wconf 90' lang='lat' dir='ltr'><strong>che</strong></span> <span class='ocrx_word' id='word_1_222' title='bbox 607 2852 745 2918; x_wconf 75' lang='lat' dir='ltr'><strong>eMtro.</strong></span> <span class='ocrx_word' id='word_1_223' title='bbox 763 2851 882 2921; x_wconf 90' lang='lat' dir='ltr'>Simon</span> <span class='ocrx_word' id='word_1_224' title='bbox 902 2862 1062 2938; x_wconf 87' lang='lat' dir='ltr'><strong>pruteno,</strong></span> <span class='ocrx_word' id='word_1_225' title='bbox 1087 2853 1254 2923; x_wconf 89' lang='lat' dir='ltr'><strong>conuiene</strong></span> <span class='ocrx_word' id='word_1_226' title='bbox 1273 2876 1372 2920; x_wconf 86' lang='lat' dir='ltr'><strong>man·</strong></span> 
     </span>
     <span class='ocr_line' id='line_1_22' title="bbox 167 2965 1372 3054; baseline 0.005 -21"><span class='ocrx_word' id='word_1_227' title='bbox 167 2968 234 3034; x_wconf 87' lang='lat' dir='ltr'><strong>dare</strong></span> <span class='ocrx_word' id='word_1_228' title='bbox 248 2989 293 3034; x_wconf 92' lang='lat' dir='ltr'><strong>un</strong></span> <span class='ocrx_word' id='word_1_229' title='bbox 308 2969 395 3034; x_wconf 88' lang='lat' dir='ltr'><strong>altro</strong></span> <span class='ocrx_word' id='word_1_230' title='bbox 417 2968 506 3036; x_wconf 84' lang='lat' dir='ltr'><strong>della</strong></span> <span class='ocrx_word' id='word_1_231' title='bbox 526 2965 698 3054; x_wconf 89' lang='lat' dir='ltr'><strong>prouintia</strong></span> <span class='ocrx_word' id='word_1_232' title='bbox 717 2967 773 3035; x_wconf 92' lang='lat' dir='ltr'><strong>del</strong></span> <span class='ocrx_word' id='word_1_233' title='bbox 796 2969 928 3047; x_wconf 81' lang='lat' dir='ltr'><strong>Rheno,</strong></span> <span class='ocrx_word' id='word_1_234' title='bbox 954 2977 989 3034; x_wconf 91' lang='lat' dir='ltr'><strong>et</strong></span> <span class='ocrx_word' id='word_1_235' title='bbox 1011 2989 1111 3054; x_wconf 87' lang='lat' dir='ltr'><strong>sopra</strong></span> <span class='ocrx_word' id='word_1_236' title='bbox 1134 2967 1187 3034; x_wconf 74' lang='lat' dir='ltr'><strong>cii)</strong></span> <span class='ocrx_word' id='word_1_237' title='bbox 1209 2969 1239 3035; x_wconf 93' lang='lat' dir='ltr'><strong>si</strong></span> <span class='ocrx_word' id='word_1_238' title='bbox 1261 2968 1372 3040; x_wconf 89' lang='lat' dir='ltr'><strong>scriue</strong></span> 
     </span>
     <span class='ocr_line' id='line_1_23' title="bbox 166 3080 1372 3170; baseline 0.003 -24"><span class='ocrx_word' id='word_1_239' title='bbox 166 3083 186 3146; x_wconf 87' lang='lat' dir='ltr'><strong>l&#39;</strong></span> <span class='ocrx_word' id='word_1_240' title='bbox 199 3083 320 3151; x_wconf 80' lang='lat' dir='ltr'><strong>inclusa</strong></span> <span class='ocrx_word' id='word_1_241' title='bbox 334 3085 367 3151; x_wconf 87' lang='lat' dir='ltr'><strong>al</strong></span> <span class='ocrx_word' id='word_1_242' title='bbox 390 3084 503 3152; x_wconf 90' lang='lat' dir='ltr'><strong>Padre</strong></span> <span class='ocrx_word' id='word_1_243' title='bbox 522 3080 723 3168; x_wconf 85' lang='lat' dir='ltr'><strong>prouincial.</strong></span> <span class='ocrx_word' id='word_1_244' title='bbox 747 3083 869 3148; x_wconf 86' lang='lat' dir='ltr'><strong>Anche</strong></span> <span class='ocrx_word' id='word_1_245' title='bbox 892 3081 1054 3150; x_wconf 69' lang='lat' dir='ltr'><strong>mandari</strong></span> <span class='ocrx_word' id='word_1_246' title='bbox 1077 3083 1177 3149; x_wconf 89' lang='lat' dir='ltr'><strong>alcun</strong></span> <span class='ocrx_word' id='word_1_247' title='bbox 1201 3084 1288 3151; x_wconf 90' lang='lat' dir='ltr'><strong>altro</strong></span> <span class='ocrx_word' id='word_1_248' title='bbox 1311 3105 1372 3170; x_wconf 90' lang='lat' dir='ltr'><strong>per</strong></span> 
     </span>
     <span class='ocr_line' id='line_1_24' title="bbox 165 3196 1371 3282; baseline 0.002 -19"><span class='ocrx_word' id='word_1_249' title='bbox 165 3198 258 3265; x_wconf 85' lang='lat' dir='ltr'><strong>aiutar</strong></span> <span class='ocrx_word' id='word_1_250' title='bbox 271 3201 303 3268; x_wconf 90' lang='lat' dir='ltr'><strong>le</strong></span> <span class='ocrx_word' id='word_1_251' title='bbox 317 3199 436 3266; x_wconf 90' lang='lat' dir='ltr'><strong>schole</strong></span> <span class='ocrx_word' id='word_1_252' title='bbox 450 3197 485 3263; x_wconf 92' lang='lat' dir='ltr'><strong>di</strong></span> <span class='ocrx_word' id='word_1_253' title='bbox 500 3197 545 3277; x_wconf 77' lang='lat' dir='ltr'><strong>la,</strong></span> <span class='ocrx_word' id='word_1_254' title='bbox 562 3207 598 3265; x_wconf 90' lang='lat' dir='ltr'><strong>et</strong></span> <span class='ocrx_word' id='word_1_255' title='bbox 613 3197 650 3263; x_wconf 92' lang='lat' dir='ltr'><strong>in</strong></span> <span class='ocrx_word' id='word_1_256' title='bbox 665 3196 879 3282; x_wconf 88' lang='lat' dir='ltr'><strong>ricompensa</strong></span> <span class='ocrx_word' id='word_1_257' title='bbox 894 3199 991 3282; x_wconf 75' lang='lat' dir='ltr'><strong>potra</strong></span> <span class='ocrx_word' id='word_1_258' title='bbox 1007 3197 1143 3264; x_wconf 88' lang='lat' dir='ltr'><strong>rihauer</strong></span> <span class='ocrx_word' id='word_1_259' title='bbox 1158 3197 1182 3264; x_wconf 94' lang='lat' dir='ltr'><strong>il</strong></span> <span class='ocrx_word' id='word_1_260' title='bbox 1199 3201 1238 3264; x_wconf 90' lang='lat' dir='ltr'><strong>P.</strong></span> <span class='ocrx_word' id='word_1_261' title='bbox 1255 3199 1371 3267; x_wconf 87' lang='lat' dir='ltr'><strong>Pietro</strong></span> 
     </span>
     <span class='ocr_line' id='line_1_25' title="bbox 166 3311 1371 3400; baseline 0.001 -22"><span class='ocrx_word' id='word_1_262' title='bbox 166 3313 257 3395; x_wconf 84' lang='lat' dir='ltr'><strong>Phae,</strong></span> <span class='ocrx_word' id='word_1_263' title='bbox 272 3337 309 3383; x_wconf 87' lang='lat' dir='ltr'><strong>se</strong></span> <span class='ocrx_word' id='word_1_264' title='bbox 325 3335 394 3380; x_wconf 91' lang='lat' dir='ltr'><strong>non</strong></span> <span class='ocrx_word' id='word_1_265' title='bbox 411 3313 541 3400; x_wconf 83' lang='lat' dir='ltr'><strong>paressi</strong></span> <span class='ocrx_word' id='word_1_266' title='bbox 556 3335 576 3380; x_wconf 87' lang='lat' dir='ltr'><strong>a</strong></span> <span class='ocrx_word' id='word_1_267' title='bbox 593 3314 637 3381; x_wconf 91' lang='lat' dir='ltr'><strong>V.</strong></span> <span class='ocrx_word' id='word_1_268' title='bbox 660 3314 702 3379; x_wconf 89' lang='lat' dir='ltr'><strong>R.</strong></span> <span class='ocrx_word' id='word_1_269' title='bbox 726 3311 786 3398; x_wconf 80' lang='lat' dir='ltr'><strong>piri</strong></span> <span class='ocrx_word' id='word_1_270' title='bbox 809 3311 1002 3380; x_wconf 85' lang='lat' dir='ltr'><strong>necessario</strong></span> <span class='ocrx_word' id='word_1_271' title='bbox 1025 3333 1086 3398; x_wconf 91' lang='lat' dir='ltr'><strong>per</strong></span> <span class='ocrx_word' id='word_1_272' title='bbox 1109 3312 1244 3381; x_wconf 85' lang='lat' dir='ltr'><strong>Vienna</strong></span> <span class='ocrx_word' id='word_1_273' title='bbox 1267 3335 1371 3400; x_wconf 88' lang='lat' dir='ltr'><strong>oper</strong></span> 
     </span>
     <span class='ocr_line' id='line_1_26' title="bbox 166 3419 1372 3516; baseline 0.002 -22"><span class='ocrx_word' id='word_1_274' title='bbox 166 3429 237 3496; x_wconf 83' lang='lat' dir='ltr'><strong>altra</strong></span> <span class='ocrx_word' id='word_1_275' title='bbox 250 3441 356 3516; x_wconf 82' lang='lat' dir='ltr'><strong>parte3</strong></span> <span class='ocrx_word' id='word_1_276' title='bbox 375 3429 623 3498; x_wconf 88' lang='lat' dir='ltr'><strong>considerando</strong></span> <span class='ocrx_word' id='word_1_277' title='bbox 644 3419 720 3510; x_wconf 77' lang='lat' dir='ltr'><strong>che,</strong></span> <span class='ocrx_word' id='word_1_278' title='bbox 744 3428 773 3494; x_wconf 88' lang='lat' dir='ltr'><strong>si</strong></span> <span class='ocrx_word' id='word_1_279' title='bbox 790 3425 941 3514; x_wconf 87' lang='lat' dir='ltr'><strong>pigliano</strong></span> <span class='ocrx_word' id='word_1_280' title='bbox 963 3427 1085 3494; x_wconf 87' lang='lat' dir='ltr'><strong>adesso</strong></span> <span class='ocrx_word' id='word_1_281' title='bbox 1104 3428 1137 3494; x_wconf 86' lang='lat' dir='ltr'><strong>la</strong></span> <span class='ocrx_word' id='word_1_282' title='bbox 1160 3428 1306 3514; x_wconf 90' lang='lat' dir='ltr'><strong>impresa</strong></span> <span class='ocrx_word' id='word_1_283' title='bbox 1328 3431 1372 3497; x_wconf 90' lang='lat' dir='ltr'><strong>de</strong></span> 
     </span>
     <span class='ocr_line' id='line_1_27' title="bbox 165 3542 1367 3632; baseline 0.001 -21"><span class='ocrx_word' id='word_1_284' title='bbox 165 3543 260 3630; x_wconf 76' lang='lat' dir='ltr'><strong>Spita,</strong></span> <span class='ocrx_word' id='word_1_285' title='bbox 277 3557 373 3614; x_wconf 90' lang='lat' dir='ltr'><strong>tanto</strong></span> <span class='ocrx_word' id='word_1_286' title='bbox 391 3545 451 3632; x_wconf 78' lang='lat' dir='ltr'><strong>piir</strong></span> <span class='ocrx_word' id='word_1_287' title='bbox 470 3546 586 3612; x_wconf 83' lang='lat' dir='ltr'><strong>hanno</strong></span> <span class='ocrx_word' id='word_1_288' title='bbox 609 3542 756 3631; x_wconf 84' lang='lat' dir='ltr'><strong>bisogno</strong></span> <span class='ocrx_word' id='word_1_289' title='bbox 775 3543 810 3610; x_wconf 91' lang='lat' dir='ltr'><strong>di</strong></span> <span class='ocrx_word' id='word_1_290' title='bbox 833 3542 997 3629; x_wconf 71' lang='lat' dir='ltr'><strong>soggetti.</strong></span> <span class='ocrx_word' id='word_1_291' title='bbox 1022 3544 1182 3610; x_wconf 87' lang='lat' dir='ltr'><strong>ssdottor</strong></span> <span class='ocrx_word' id='word_1_292' title='bbox 1203 3545 1367 3630; x_wconf 83' lang='lat' dir='ltr'><strong>Xpoforo.</strong></span> 
     </span>
     <span class='ocr_line' id='line_1_28' title="bbox 166 3659 1370 3746; baseline 0 -20"><span class='ocrx_word' id='word_1_293' title='bbox 166 3659 318 3730; x_wconf 86' lang='lat' dir='ltr'><strong>Strobelio</strong></span> <span class='ocrx_word' id='word_1_294' title='bbox 332 3663 361 3728; x_wconf 91' lang='lat' dir='ltr'><strong>si</strong></span> <span class='ocrx_word' id='word_1_295' title='bbox 377 3661 541 3729; x_wconf 78' lang='lat' dir='ltr'><strong>mandata</strong></span> <span class='ocrx_word' id='word_1_296' title='bbox 555 3659 590 3725; x_wconf 92' lang='lat' dir='ltr'><strong>in</strong></span> <span class='ocrx_word' id='word_1_297' title='bbox 606 3659 741 3728; x_wconf 91' lang='lat' dir='ltr'><strong>Vienna</strong></span> <span class='ocrx_word' id='word_1_298' title='bbox 754 3661 886 3746; x_wconf 89' lang='lat' dir='ltr'><strong>(questo</strong></span> <span class='ocrx_word' id='word_1_299' title='bbox 902 3660 921 3725; x_wconf 76' lang='grc' dir='ltr'>ὲ</span> <span class='ocrx_word' id='word_1_300' title='bbox 938 3659 1058 3728; x_wconf 88' lang='lat' dir='ltr'><strong>adesso</strong></span> <span class='ocrx_word' id='word_1_301' title='bbox 1074 3670 1180 3726; x_wconf 90' lang='lat' dir='ltr'><strong>rettor</strong></span> <span class='ocrx_word' id='word_1_302' title='bbox 1196 3659 1230 3725; x_wconf 94' lang='lat' dir='ltr'><strong>in</strong></span> <span class='ocrx_word' id='word_1_303' title='bbox 1244 3661 1370 3726; x_wconf 89' lang='lat' dir='ltr'><strong>Brans-</strong></span> 
     </span>
    </p>
   </div>
   <div class='ocr_carea' id='block_1_3' title="bbox 171 3781 351 3794">
    <p class='ocr_par' dir='ltr' id='par_1_5' title="bbox 171 3781 351 3794">
     <span class='ocr_line' id='line_1_29' title="bbox 171 3781 351 3794; baseline 0.011 -2"><span class='ocrx_word' id='word_1_304' title='bbox 171 3781 351 3794; x_wconf 43' lang='lat'><strong>*—</strong></span> 
     </span>
    </p>
   </div>
   <div class='ocr_carea' id='block_1_4' title="bbox 169 3827 1373 4704">
    <p class='ocr_par' dir='ltr' id='par_1_6' title="bbox 213 3827 1332 3898">
     <span class='ocr_line' id='line_1_30' title="bbox 213 3827 1332 3898; baseline -0.002 -14"><span class='ocrx_word' id='word_1_305' title='bbox 213 3831 220 3863; x_wconf 82' lang='lat'><strong>¹</strong></span> <span class='ocrx_word' id='word_1_306' title='bbox 254 3829 406 3885; x_wconf 76' lang='lat' dir='ltr'><strong>Heraeus.</strong></span> <span class='ocrx_word' id='word_1_307' title='bbox 1114 3831 1125 3862; x_wconf 68' lang='lat'>2</span> <span class='ocrx_word' id='word_1_308' title='bbox 1162 3827 1332 3898; x_wconf 82' lang='lat' dir='ltr'><strong>Menginus.</strong></span> 
     </span>
    </p>

    <p class='ocr_par' dir='ltr' id='par_1_7' title="bbox 212 3913 1366 3988">
     <span class='ocr_line' id='line_1_31' title="bbox 212 3913 1366 3988; baseline -0.002 -14"><span class='ocrx_word' id='word_1_309' title='bbox 212 3921 223 3952; x_wconf 75' lang='lat'>⁵</span> <span class='ocrx_word' id='word_1_310' title='bbox 254 3919 297 3974; x_wconf 91' lang='lat' dir='ltr'><strong>De</strong></span> <span class='ocrx_word' id='word_1_311' title='bbox 308 3936 344 3974; x_wconf 91' lang='lat' dir='ltr'><strong>eo</strong></span> <span class='ocrx_word' id='word_1_312' title='bbox 357 3917 469 3974; x_wconf 87' lang='lat' dir='ltr'><strong>dictum</strong></span> <span class='ocrx_word' id='word_1_313' title='bbox 483 3923 529 3972; x_wconf 82' lang='lat' dir='ltr'><strong>est</strong></span> <span class='ocrx_word' id='word_1_314' title='bbox 542 3913 572 3971; x_wconf 87' lang='lat' dir='ltr'><strong>in</strong></span> <span class='ocrx_word' id='word_1_315' title='bbox 582 3916 683 3988; x_wconf 71' lang='lat' dir='ltr'><strong>Epist.</strong></span> <span class='ocrx_word' id='word_1_316' title='bbox 701 3915 818 3987; x_wconf 65' lang='lat' dir='ltr'><strong>Nolui,</strong></span> <span class='ocrx_word' id='word_1_317' title='bbox 831 3916 871 3987; x_wconf 88' lang='lat'><strong>11,</strong></span> <span class='ocrx_word' id='word_1_318' title='bbox 884 3931 985 3986; x_wconf 84' lang='lat' dir='ltr'><strong>saepe.</strong></span> <span class='ocrx_word' id='word_1_319' title='bbox 1114 3917 1126 3950; x_wconf 79' lang='lat'><strong>⁴</strong></span> <span class='ocrx_word' id='word_1_320' title='bbox 1162 3914 1366 3972; x_wconf 88' lang='lat' dir='ltr'><strong>Hostowinus.</strong></span> 
     </span>
    </p>

    <p class='ocr_par' dir='ltr' id='par_1_8' title="bbox 169 4001 1373 4704">
     <span class='ocr_line' id='line_1_32' title="bbox 212 4001 1371 4079; baseline -0.005 -14"><span class='ocrx_word' id='word_1_321' title='bbox 212 4010 222 4042; x_wconf 82' lang='lat'>¹</span> <span class='ocrx_word' id='word_1_322' title='bbox 254 4007 379 4079; x_wconf 79' lang='lat' dir='ltr'><strong>Joannes</strong></span> <span class='ocrx_word' id='word_1_323' title='bbox 393 4007 523 4078; x_wconf 84' lang='lat' dir='ltr'><strong>Jacobus</strong></span> <span class='ocrx_word' id='word_1_324' title='bbox 536 4005 642 4074; x_wconf 82' lang='lat' dir='ltr'><strong>Asten,</strong></span> <span class='ocrx_word' id='word_1_325' title='bbox 655 4003 693 4059; x_wconf 87' lang='lat' dir='ltr'><strong>de</strong></span> <span class='ocrx_word' id='word_1_326' title='bbox 705 4022 763 4076; x_wconf 90' lang='lat' dir='ltr'><strong>quo</strong></span> <span class='ocrx_word' id='word_1_327' title='bbox 777 4001 845 4060; x_wconf 84' lang='lat' dir='ltr'><strong>vide</strong></span> <span class='ocrx_word' id='word_1_328' title='bbox 858 4003 960 4076; x_wconf 73' lang='lat' dir='ltr'><strong>Epist.</strong></span> <span class='ocrx_word' id='word_1_329' title='bbox 975 4003 1082 4058; x_wconf 82' lang='lat' dir='ltr'><strong>Natal.</strong></span> <span class='ocrx_word' id='word_1_330' title='bbox 1091 4047 1098 4076; x_wconf 93' lang='lat'>,</span> <span class='ocrx_word' id='word_1_331' title='bbox 1108 4005 1148 4072; x_wconf 88' lang='lat'><strong>11,</strong></span> <span class='ocrx_word' id='word_1_332' title='bbox 1159 4003 1222 4074; x_wconf 83' lang='lat'>353,</span> <span class='ocrx_word' id='word_1_333' title='bbox 1233 4003 1297 4075; x_wconf 81' lang='lat'>397,</span> <span class='ocrx_word' id='word_1_334' title='bbox 1307 4018 1371 4074; x_wconf 88' lang='lat'>411.</span> 
     </span>
     <span class='ocr_line' id='line_1_33' title="bbox 170 4091 1371 4170; baseline -0.001 -19"><span class='ocrx_word' id='word_1_335' title='bbox 170 4095 208 4151; x_wconf 89' lang='lat' dir='ltr'><strong>De</strong></span> <span class='ocrx_word' id='word_1_336' title='bbox 217 4096 274 4170; x_wconf 83' lang='lat' dir='ltr'><strong>ipso</strong></span> <span class='ocrx_word' id='word_1_337' title='bbox 285 4097 355 4153; x_wconf 81' lang='lat' dir='ltr'><strong>haec</strong></span> <span class='ocrx_word' id='word_1_338' title='bbox 366 4097 480 4152; x_wconf 83' lang='lat' dir='ltr'><strong>Romae</strong></span> <span class='ocrx_word' id='word_1_339' title='bbox 492 4093 601 4166; x_wconf 82' lang='lat' dir='ltr'><strong>scripte</strong></span> <span class='ocrx_word' id='word_1_340' title='bbox 613 4091 729 4148; x_wconf 89' lang='lat' dir='ltr'><strong>suntad</strong></span> <span class='ocrx_word' id='word_1_341' title='bbox 741 4094 779 4150; x_wconf 91' lang='lat' dir='ltr'><strong>P.</strong></span> <span class='ocrx_word' id='word_1_342' title='bbox 793 4092 949 4149; x_wconf 86' lang='lat' dir='ltr'><strong>Costerum</strong></span> <span class='ocrx_word' id='word_1_343' title='bbox 959 4092 1257 4165; x_wconf 84' lang='lat' dir='ltr'><strong>vice-provincialem,</strong></span> <span class='ocrx_word' id='word_1_344' title='bbox 1269 4094 1371 4150; x_wconf 84' lang='lat' dir='ltr'><strong>eadem</strong></span> 
     </span>
     <span class='ocr_line' id='line_1_34' title="bbox 169 4181 1373 4260; baseline -0.002 -20"><span class='ocrx_word' id='word_1_345' title='bbox 169 4183 208 4240; x_wconf 83' lang='lat' dir='ltr'><strong>die</strong></span> <span class='ocrx_word' id='word_1_346' title='bbox 218 4183 258 4241; x_wconf 84' lang='lat'><strong>30:</strong></span> <span class='ocrx_word' id='word_1_347' title='bbox 271 4187 328 4241; x_wconf 78' lang='lat' dir='ltr'><strong>nLa</strong></span> <span class='ocrx_word' id='word_1_348' title='bbox 339 4183 482 4260; x_wconf 78' lang='lat' dir='ltr'><strong>principat</strong></span> <span class='ocrx_word' id='word_1_349' title='bbox 495 4199 583 4238; x_wconf 76' lang='lat' dir='ltr'><strong>causa</strong></span> <span class='ocrx_word' id='word_1_350' title='bbox 594 4181 625 4236; x_wconf 93' lang='lat' dir='ltr'><strong>di</strong></span> <span class='ocrx_word' id='word_1_351' title='bbox 639 4182 769 4244; x_wconf 78' lang='lat' dir='ltr'><strong>seriuere</strong></span> <span class='ocrx_word' id='word_1_352' title='bbox 781 4191 886 4255; x_wconf 86' lang='lat' dir='ltr'><strong>questa</strong></span> <span class='ocrx_word' id='word_1_353' title='bbox 899 4183 1004 4238; x_wconf 86' lang='lat' dir='ltr'><strong>lettera</strong></span> <span class='ocrx_word' id='word_1_354' title='bbox 1017 4182 1034 4236; x_wconf 77' lang='lat' dir='ltr'><strong>e</strong></span> <span class='ocrx_word' id='word_1_355' title='bbox 1052 4184 1107 4238; x_wconf 89' lang='lat' dir='ltr'><strong>che</strong></span> <span class='ocrx_word' id='word_1_356' title='bbox 1120 4182 1147 4238; x_wconf 90' lang='lat' dir='ltr'><strong>ci</strong></span> <span class='ocrx_word' id='word_1_357' title='bbox 1166 4200 1267 4255; x_wconf 86' lang='lat' dir='ltr'><strong>preme</strong></span> <span class='ocrx_word' id='word_1_358' title='bbox 1284 4183 1373 4239; x_wconf 81' lang='lat' dir='ltr'><strong>forte·</strong></span> 
     </span>
     <span class='ocr_line' id='line_1_35' title="bbox 170 4270 1371 4346; baseline -0.003 -16"><span class='ocrx_word' id='word_1_359' title='bbox 170 4283 250 4330; x_wconf 83' lang='lat' dir='ltr'><strong>mente</strong></span> <span class='ocrx_word' id='word_1_360' title='bbox 261 4275 281 4331; x_wconf 86' lang='grc'><strong>11</strong></span> <span class='ocrx_word' id='word_1_361' title='bbox 292 4277 416 4346; x_wconf 73' lang='lat' dir='ltr'><strong>bisogno</strong></span> <span class='ocrx_word' id='word_1_362' title='bbox 429 4273 467 4329; x_wconf 87' lang='lat' dir='ltr'><strong>de</strong></span> <span class='ocrx_word' id='word_1_363' title='bbox 480 4272 599 4329; x_wconf 77' lang='lat' dir='ltr'><strong>mandat</strong></span> <span class='ocrx_word' id='word_1_364' title='bbox 612 4289 652 4326; x_wconf 89' lang='grc' dir='ltr'>κικκ</span> <span class='ocrx_word' id='word_1_365' title='bbox 669 4273 730 4327; x_wconf 93' lang='grc' dir='ltr'>δοκι</span> <span class='ocrx_word' id='word_1_366' title='bbox 746 4271 929 4344; x_wconf 83' lang='lat' dir='ltr'><strong>predicatore</strong></span> <span class='ocrx_word' id='word_1_367' title='bbox 950 4270 980 4326; x_wconf 91' lang='lat' dir='ltr'><strong>in</strong></span> <span class='ocrx_word' id='word_1_368' title='bbox 997 4271 1184 4342; x_wconf 81' lang='lat' dir='ltr'><strong>Brunsperga</strong></span> <span class='ocrx_word' id='word_1_369' title='bbox 1200 4271 1237 4328; x_wconf 91' lang='lat' dir='ltr'><strong>de</strong></span> <span class='ocrx_word' id='word_1_370' title='bbox 1258 4271 1371 4342; x_wconf 83' lang='lat' dir='ltr'><strong>Prusia,</strong></span> 
     </span>
     <span class='ocr_line' id='line_1_36' title="bbox 170 4359 1373 4434; baseline -0.002 -16"><span class='ocrx_word' id='word_1_371' title='bbox 170 4359 231 4418; x_wconf 80' lang='lat' dir='ltr'><strong>done</strong></span> <span class='ocrx_word' id='word_1_372' title='bbox 241 4365 259 4420; x_wconf 91' lang='lat' dir='ltr'><strong>il</strong></span> <span class='ocrx_word' id='word_1_373' title='bbox 270 4365 303 4420; x_wconf 87' lang='lat' dir='ltr'><strong>P.</strong></span> <span class='ocrx_word' id='word_1_374' title='bbox 319 4365 418 4421; x_wconf 89' lang='lat' dir='ltr'><strong>Pietro</strong></span> <span class='ocrx_word' id='word_1_375' title='bbox 430 4363 511 4419; x_wconf 82' lang='lat' dir='ltr'><strong>Phae</strong></span> <span class='ocrx_word' id='word_1_376' title='bbox 523 4377 581 4417; x_wconf 87' lang='lat' dir='ltr'><strong>non</strong></span> <span class='ocrx_word' id='word_1_377' title='bbox 594 4361 611 4416; x_wconf 78' lang='grc' dir='ltr'>ὲ</span> <span class='ocrx_word' id='word_1_378' title='bbox 624 4362 683 4416; x_wconf 91' lang='lat' dir='ltr'><strong>ben</strong></span> <span class='ocrx_word' id='word_1_379' title='bbox 696 4361 805 4430; x_wconf 87' lang='lat' dir='ltr'><strong>inteso‚</strong></span> <span class='ocrx_word' id='word_1_380' title='bbox 816 4377 869 4432; x_wconf 88' lang='lat' dir='ltr'><strong>per</strong></span> <span class='ocrx_word' id='word_1_381' title='bbox 882 4377 963 4416; x_wconf 88' lang='lat' dir='ltr'><strong>esser</strong></span> <span class='ocrx_word' id='word_1_382' title='bbox 977 4377 1030 4416; x_wconf 80' lang='lat' dir='ltr'><strong>sue</strong></span> <span class='ocrx_word' id='word_1_383' title='bbox 1043 4359 1143 4431; x_wconf 83' lang='lat' dir='ltr'><strong>lingua</strong></span> <span class='ocrx_word' id='word_1_384' title='bbox 1152 4361 1189 4416; x_wconf 89' lang='lat' dir='ltr'><strong>de</strong></span> <span class='ocrx_word' id='word_1_385' title='bbox 1200 4363 1227 4417; x_wconf 88' lang='lat' dir='ltr'><strong>la</strong></span> <span class='ocrx_word' id='word_1_386' title='bbox 1240 4361 1373 4434; x_wconf 86' lang='lat' dir='ltr'><strong>superior</strong></span> 
     </span>
     <span class='ocr_line' id='line_1_37' title="bbox 172 4448 1371 4523; baseline -0.004 -13"><span class='ocrx_word' id='word_1_387' title='bbox 172 4449 313 4523; x_wconf 67' lang='lat' dir='ltr'><strong>Germania</strong></span> <span class='ocrx_word' id='word_1_388' title='bbox 327 4462 357 4509; x_wconf 86' lang='lat' dir='ltr'><strong>et</strong></span> <span class='ocrx_word' id='word_1_389' title='bbox 369 4451 430 4508; x_wconf 78' lang='lat' dir='ltr'><strong>cosi</strong></span> <span class='ocrx_word' id='word_1_390' title='bbox 442 4450 583 4507; x_wconf 71' lang='lat' dir='ltr'><strong>conuerti</strong></span> <span class='ocrx_word' id='word_1_391' title='bbox 600 4451 710 4506; x_wconf 86' lang='lat' dir='ltr'><strong>leuarlo</strong></span> <span class='ocrx_word' id='word_1_392' title='bbox 723 4449 805 4522; x_wconf 74' lang='lat' dir='ltr'><strong>dili,</strong></span> <span class='ocrx_word' id='word_1_393' title='bbox 824 4458 855 4505; x_wconf 91' lang='lat' dir='ltr'><strong>et</strong></span> <span class='ocrx_word' id='word_1_394' title='bbox 873 4448 956 4521; x_wconf 78' lang='lat' dir='ltr'><strong>potri</strong></span> <span class='ocrx_word' id='word_1_395' title='bbox 977 4457 1092 4506; x_wconf 88' lang='lat' dir='ltr'><strong>tornare</strong></span> <span class='ocrx_word' id='word_1_396' title='bbox 1106 4467 1122 4506; x_wconf 86' lang='lat' dir='ltr'><strong>a</strong></span> <span class='ocrx_word' id='word_1_397' title='bbox 1140 4466 1193 4506; x_wconf 79' lang='lat' dir='ltr'><strong>sua</strong></span> <span class='ocrx_word' id='word_1_398' title='bbox 1210 4449 1371 4522; x_wconf 83' lang='lat' dir='ltr'><strong>prouincia,</strong></span> 
     </span>
     <span class='ocr_line' id='line_1_38' title="bbox 176 4537 1373 4611; baseline -0.004 -12"><span class='ocrx_word' id='word_1_399' title='bbox 176 4541 315 4598; x_wconf 58' lang='lat' dir='ltr'><strong>&amp;mandat</strong></span> <span class='ocrx_word' id='word_1_400' title='bbox 330 4543 362 4599; x_wconf 87' lang='lat' dir='ltr'><strong>in</strong></span> <span class='ocrx_word' id='word_1_401' title='bbox 378 4558 433 4597; x_wconf 85' lang='lat' dir='ltr'><strong>sno</strong></span> <span class='ocrx_word' id='word_1_402' title='bbox 449 4541 559 4611; x_wconf 76' lang='lat' dir='ltr'><strong>luogho</strong></span> <span class='ocrx_word' id='word_1_403' title='bbox 577 4539 598 4596; x_wconf 92' lang='lat' dir='ltr'><strong>il</strong></span> <span class='ocrx_word' id='word_1_404' title='bbox 616 4541 673 4595; x_wconf 89' lang='lat' dir='ltr'><strong>Dr.</strong></span> <span class='ocrx_word' id='word_1_405' title='bbox 695 4539 836 4604; x_wconf 76' lang='lat' dir='ltr'><strong>Artense,</strong></span> <span class='ocrx_word' id='word_1_406' title='bbox 855 4538 904 4594; x_wconf 86' lang='lat' dir='ltr'><strong>cui</strong></span> <span class='ocrx_word' id='word_1_407' title='bbox 921 4538 1031 4609; x_wconf 68' lang='lat' dir='ltr'><strong>lingua,</strong></span> <span class='ocrx_word' id='word_1_408' title='bbox 1051 4553 1134 4594; x_wconf 88' lang='lat' dir='ltr'><strong>come</strong></span> <span class='ocrx_word' id='word_1_409' title='bbox 1153 4540 1231 4595; x_wconf 86' lang='lat' dir='ltr'><strong>nella</strong></span> <span class='ocrx_word' id='word_1_410' title='bbox 1248 4537 1373 4596; x_wconf 80' lang='lat' dir='ltr'><strong>Olendia</strong></span> 
     </span>
     <span class='ocr_line' id='line_1_39' title="bbox 178 4626 1373 4704; baseline 0 -22"><span class='ocrx_word' id='word_1_411' title='bbox 178 4629 299 4704; x_wconf 60' lang='lat' dir='ltr'><strong>aorisia,</strong></span> <span class='ocrx_word' id='word_1_412' title='bbox 314 4632 375 4688; x_wconf 84' lang='lat' dir='ltr'><strong>cosi</strong></span> <span class='ocrx_word' id='word_1_413' title='bbox 391 4632 472 4687; x_wconf 79' lang='lat' dir='ltr'><strong>nella</strong></span> <span class='ocrx_word' id='word_1_414' title='bbox 483 4627 597 4701; x_wconf 77' lang='lat' dir='ltr'><strong>Prusia,</strong></span> <span class='ocrx_word' id='word_1_415' title='bbox 615 4626 721 4683; x_wconf 88' lang='lat' dir='ltr'><strong>dicono</strong></span> <span class='ocrx_word' id='word_1_416' title='bbox 737 4626 801 4683; x_wconf 72' lang='lat' dir='ltr'><strong>sari</strong></span> <span class='ocrx_word' id='word_1_417' title='bbox 815 4628 905 4682; x_wconf 90' lang='lat' dir='ltr'><strong>molto</strong></span> <span class='ocrx_word' id='word_1_418' title='bbox 918 4627 976 4682; x_wconf 87' lang='lat' dir='ltr'><strong>ben</strong></span> <span class='ocrx_word' id='word_1_419' title='bbox 989 4627 1119 4684; x_wconf 67' lang='lat' dir='ltr'><strong>intesta.»</strong></span> <span class='ocrx_word' id='word_1_420' title='bbox 1133 4627 1176 4683; x_wconf 81' lang='lat' dir='ltr'><strong>Ex</strong></span> <span class='ocrx_word' id='word_1_421' title='bbox 1192 4626 1268 4684; x_wconf 84' lang='lat' dir='ltr'><strong>Cod.</strong></span> <span class='ocrx_word' id='word_1_422' title='bbox 1286 4641 1319 4699; x_wconf 81' lang='lat'><strong>33</strong></span> <span class='ocrx_word' id='word_1_423' title='bbox 1327 4627 1373 4700; x_wconf 87' lang='lat' dir='ltr'><strong>s),</strong></span> 
     </span>
    </p>
   </div>
   <div class='ocr_carea' id='block_1_5' title="bbox 181 4715 277 4778">
    <p class='ocr_par' dir='ltr' id='par_1_9' title="bbox 181 4715 277 4778">
     <span class='ocr_line' id='line_1_40' title="bbox 181 4715 277 4778; baseline 0.073 -7"><span class='ocrx_word' id='word_1_424' title='bbox 181 4715 223 4775; x_wconf 81' lang='lat' dir='ltr'><strong>iol.</strong></span> <span class='ocrx_word' id='word_1_425' title='bbox 236 4719 277 4778; x_wconf 87' lang='lat'><strong>88.</strong></span> 
     </span>
    </p>
   </div>
   <div class='ocr_carea' id='block_1_6' title="bbox 0 0 1752 5392">
    <p class='ocr_par' dir='ltr' id='par_1_10' title="bbox 0 0 1752 5392">
     <span class='ocr_line' id='line_1_41' title="bbox 0 0 1752 5392; baseline 0 0"><span class='ocrx_word' id='word_1_426' title='bbox 0 0 1752 5392; x_wconf 95' lang='lat' dir='ltr'><strong> </strong></span> 
     </span>
    </p>
   </div>
  </div>
 </body>
</html>
