3482 5386
547 1036 940 1147 APPENDIX

666 1267 811 1278 ——v—F—

736 1465 750 1530 Ι

450 1595 612 1653 MARCUS
632 1595 838 1655 ANTONIUS
856 1596 1035 1655 AMULIUS

359 1733 513 1794 Jouuur
554 1733 792 1782 FRANC1sco
827 1734 1123 1784 couusuuouo
1222 1729 1227 1740 ’

486 1849 626 1928 Romae,
646 1865 665 1914 2
682 1847 858 1914 Februarii
878 1849 962 1930 1566
982 1851 1004 1914 ¹.

263 1977 385 2034 Natalis
396 1983 425 2033 et
440 1978 581 2034 Ledesma
591 1979 625 2033 in
637 1983 814 2034 conventum
826 1984 1035 2052 augustanum
1049 1980 1229 2036 mittuntur.

205 2094 308 2160 Illmo.
327 2105 361 2160 et
377 2097 476 2161 Rmo.
495 2097 547 2164 Sr.
567 2093 636 2160 mio
652 2104 766 2162 ossmo
786 2095 911 2162 Manda
926 2096 1020 2161 costa
1036 2097 1080 2162 N.
1099 2098 1175 2164 Sre.
1191 2095 1214 2162 il
1228 2100 1267 2164 P.
1282 2099 1355 2165 Na-

135 2181 206 2249 tale
220 2193 254 2250 et
274 2204 466 2270 compagno
486 2184 553 2250 del'
575 2181 692 2250 ordine
712 2185 756 2252 de
774 2183 889 2268 jesuiti
907 2205 967 2269 per
989 2207 1131 2269 operare
1154 2186 1267 2269 quello
1291 2190 1356 2256 che

140 2271 235 2354 potrai
250 2273 362 2340 uscire
377 2273 422 2338 da
437 2273 509 2338 loro
524 2295 568 2341 ne
584 2272 711 2358 negoci
726 2274 813 2340 della
829 2271 921 2339 dieta
935 2272 969 2338 in
987 2273 1135 2340 seruicio
1146 2275 1181 2338 di
1194 2275 1260 2341 Dio
1273 2286 1308 2342 et
1320 2275 1355 2341 di

136 2371 254 2443 questa
270 2373 369 2427 santa
384 2362 466 2428 sede
481 2361 683 2446 apostolica3
701 2372 736 2429 et
755 2361 879 2447 perche
895 2363 939 2428 V.
957 2363 994 2430 S.
1014 2362 1118 2428 Illma.
1137 2363 1156 2430 ὲ
1172 2385 1232 2448 per
1249 2384 1356 2430 cono·

139 2468 231 2517 scere
246 2461 361 2534 presto
377 2450 467 2516 dalla
482 2449 612 2536 pratica
627 2460 663 2516 et
677 2451 743 2517 dal'
762 2470 864 2535 opere
883 2451 956 2516 loro
972 2451 1003 2515 la
1016 2451 1132 2532 bonta,
1151 2453 1184 2517 la
1198 2451 1302 2538 pieta,
1320 2463 1356 2519 et

138 2535 161 2600 il
178 2559 242 2603 nou
259 2537 429 2606 mediocre
445 2560 508 2604 suo
523 2539 652 2620 ualere,
670 2538 703 2604 io
718 2560 787 2605 non
803 2539 836 2606 le
847 2537 921 2603 diri>
937 2539 1036 2618 altro,
1059 2561 1097 2606 se
1118 2561 1186 2606 non
1212 2541 1291 2622 che,
1317 2563 1356 2608 se

138 2625 224 2694 bene
241 2638 382 2711 portano
398 2625 616 2695 instruttione
631 2625 666 2692 di
683 2647 762 2710 qua,
786 2629 901 2692 hanno
922 2631 1004 2712 perd
1028 2630 1156 2693 anchor
1179 2629 1299 2698 ordine
1320 2627 1355 2694 di

140 2735 208 2780 non
224 2716 295 2784 fare
310 2737 347 2782 se
363 2737 434 2782 non
450 2727 579 2800 quanto
594 2717 637 2783 V.
657 2717 694 2784 S.
713 2717 818 2782 Illma.
833 2714 984 2781 iudicare
997 2716 1207 2800 espediente,
1222 2718 1254 2785 al
1266 2717 1355 2784 iudi·

132 2802 192 2868 -cio
207 2805 293 2870 della
310 2805 410 2888 quale
425 2803 454 2870 si
470 2805 620 2890 ripporta
635 2803 659 2870 il
674 2815 776 2870 tutto.
796 2803 955 2888 Capitara
972 2807 1122 2872 anchora
1138 2805 1172 2872 in
1194 2807 1357 2892 Augusta

139 2890 162 2954 il
177 2893 217 2957 P.
236 2891 385 2974 Canisi0,
404 2916 424 2960 a
440 2892 565 2959 iudicio
581 2892 661 2973 mio,
690 2893 777 2959 assai
793 2895 881 2960 bene
908 2893 1107 2960 conosciuto
1123 2895 1167 2960 da
1183 2895 1227 2964 lei
1246 2915 1305 2981 per
1324 2897 1357 2964 le

138 3001 212 3048 rare
226 2981 354 3065 qualitai
371 2982 459 3048 della
470 2983 587 3060 bonta,
605 2991 639 3050 et
651 2979 742 3047 uirtu
758 3003 832 3061 sua;
846 2981 870 3045 il
882 2983 982 3066 quale
994 2984 1140 3049 essendo
1152 2993 1243 3050 stato
1257 3004 1357 3069 espe-

137 3067 207 3135 dito
236 3069 259 3134 li
290 3069 373 3138 mesi
405 3069 531 3155 passati
553 3071 597 3136 da
619 3069 681 3136 Pio
701 3069 746 3155 iiij
769 3071 812 3138 fe.
847 3091 912 3137 me.
935 3093 996 3155 per
1016 3071 1141 3154 negoci
1163 3073 1252 3138 della
1277 3072 1356 3140 reli-

136 3157 236 3241 gione
256 3159 346 3227 nella
366 3158 551 3227 Germania
575 3157 749 3237 inferiore,
779 3161 864 3224 hora
890 3160 978 3226 deue
1006 3181 1119 3226 essere
1146 3161 1181 3224 di
1209 3160 1353 3226 ritorn0.

136 3245 247 3316 Credo
269 3249 334 3313 che
352 3248 417 3314 ella
435 3248 470 3314 lo
489 3267 635 3314 conosca
658 3268 717 3332 per
736 3247 964 3314 instrumento
987 3249 1094 3313 molto
1115 3248 1211 3331 utile,
1242 3259 1277 3313 et
1290 3249 1356 3316 che

135 3353 235 3404 senza
261 3337 348 3402 altro
369 3335 482 3402 officio
503 3334 552 3401 sia
572 3357 632 3420 per
653 3336 830 3404 ualersene
849 3335 885 3401 in
906 3335 1052 3401 seruicio
1072 3336 1107 3401 di
1130 3347 1250 3420 questa
1274 3339 1357 3405 sede

137 3425 331 3508 apostolica:
353 3423 388 3490 in
411 3434 506 3491 tanto
527 3424 555 3490 si
576 3428 718 3510 pregara
738 3424 772 3490 di
796 3445 862 3508 qua
882 3424 950 3490 Dio
971 3445 1031 3508 per
1051 3424 1075 3490 il
1096 3424 1194 3491 felice
1216 3424 1304 3494 esito
1321 3423 1356 3492 di

136 3512 244 3596 questi
260 3512 395 3599 negoci,
413 3515 457 3578 de
472 3512 563 3598 quali
579 3511 608 3578 si
623 3522 676 3578 sta
692 3513 726 3579 in
743 3514 857 3579 buona
873 3533 1049 3596 speranza,
1068 3535 1128 3598 per
1144 3514 1176 3579 la
1192 3514 1299 3582 bont'a
1321 3522 1356 3579 et

137 3603 238 3668 molto
255 3604 371 3668 ualore
387 3601 421 3668 di
437 3603 481 3669 V.
501 3602 537 3670 S.
557 3601 677 3683 Illma.;
696 3611 730 3670 et
746 3601 779 3666 io
794 3623 878 3667 sono
894 3600 929 3665 in
946 3601 1114 3668 desiderio
1129 3601 1164 3667 di
1187 3601 1356 3670 riuederla

138 3699 249 3774 presto
265 3691 299 3757 di
315 3713 396 3775 qua,
415 3701 449 3758 et
465 3692 498 3755 lo
514 3711 627 3775 spem,
642 3691 767 3774 perche
783 3709 932 3758 conosco
946 3691 1011 3755 che
1024 3688 1045 3754 il
1058 3689 1203 3757 seruicio
1219 3699 1253 3756 et
1266 3689 1357 3758 inte-

138 3799 228 3845 resso
243 3778 278 3844 di
296 3780 333 3847 S.
357 3781 404 3846 Μ.
428 3780 576 3846 Cesarea
597 3778 725 3845 ricerca
749 3779 814 3844 che
838 3777 968 3844 soleciti
991 3780 1012 3843 l’
1037 3776 1246 3863 espeditione
1268 3778 1357 3845 della

138 3867 235 3934 dieta:
254 3889 292 3934 se
309 3871 382 3952 por'
399 3866 433 3932 io
448 3888 549 3953 posso
565 3887 645 3933 cosa
664 3869 785 3933 alcuna
805 3864 840 3931 in
860 3865 1006 3932 seruicio
1029 3877 1063 3931 et
1075 3866 1299 3936 sattisfatione
1321 3865 1356 3932 di

139 3955 177 4024 V.
196 3957 234 4026 S.
253 3957 374 4038 Illma,
392 3956 457 4023 ella
473 3955 520 4022 mi
535 3956 736 4032 commanda
751 3955 984 4035 liberamente,
1000 3955 1058 4040 piu
1069 3958 1133 4022 che
1149 3953 1356 4044 aqualsiuo-

138 4045 201 4128 glia
216 4045 303 4110 altro
319 4043 354 4109 di
381 4054 503 4129 questo
529 4043 685 4129 collegia,
708 4045 773 4110 che
794 4065 862 4109 non
883 4042 911 4109 si
937 4042 1073 4110 trouara
1091 4054 1196 4130 ponto
1219 4043 1357 4110 defrau-

137 4134 211 4200 dato
227 4135 316 4201 della
332 4133 463 4201 seruitii
479 4131 559 4211 mia,
578 4132 609 4197 la
626 4131 726 4216 quale
741 4132 773 4197 io
788 4133 821 4198 le
833 4134 918 4199 offro
931 4131 1147 4216 prontissima
1160 4154 1307 4218 sempre‚
1322 4142 1357 4196 et

133 4220 163 4290 ie
185 4223 268 4288 baso
289 4223 454 4300 lemane,
477 4220 511 4286 in
535 4223 650 4286 buona
674 4221 785 4306 gratia
807 4241 870 4286 sua
893 4220 1284 4288 raccommandandomi.
1311 4219 1356 4286 Di

134 4309 248 4390 Roma,
267 4309 288 4394 ij
308 4311 407 4376 Febr.
427 4310 482 4375 del
499 4309 619 4375 LXVI.
701 4377 707 4394 ¹

196 4400 398 4466 Cardinulis
414 4399 546 4463 Amulii
561 4419 681 4462 manu:
693 4399 721 4462 E
735 4395 880 4482 raggion
895 4399 961 4462 che
973 4399 1017 4464 V.
1034 4398 1070 4465 S.
1086 4396 1183 4462 Illam
1199 4395 1246 4462 mi
1259 4417 1357 4462 com—

99 4609 100 4612 ’
181 4599 190 4631 ¹
227 4597 272 4650 Ex
284 4597 455 4666 archetypo,
470 4595 500 4649 in
512 4593 631 4648 archivo
645 4609 718 4648 secr.
736 4591 843 4661 Vatia,
855 4591 969 4647 Lauare
984 4593 1019 4646 de
1027 4558 1175 4664 prineipi,
1189 4603 1234 4663 25,
1246 4591 1358 4665 duplici

134 4681 179 4739 iol.
194 4683 239 4754 53.
257 4683 331 4738 Vide
343 4699 410 4756 pag.
426 4692 485 4738 zet
498 4700 585 4754 seqq.

264 4807 351 4852 Erret.
367 4807 396 4852 P.
410 4805 512 4858 ΝΑοΑι,
527 4815 584 4850 τοι.
600 4803 647 4849 111.
1195 4803 1224 4848 aa
