3322 5376
565 512 597 568 14
615 503 699 574 Jumr
722 504 789 574 15⁶7
1197 519 1249 576 497

82 653 183 721 lettera
197 651 279 719 mia:
298 652 342 720 ne
358 655 469 722 ancho
483 655 529 720 ha
543 663 674 739 portate
697 675 777 722 seco
803 655 1079 725 certescritture
1099 659 1154 724 ch'
1172 656 1206 723 io
1221 660 1285 724 ha-

84 789 157 834 ueuo
170 769 251 834 fatto
268 767 343 837 13111
357 789 378 835 a
397 770 482 838 Mro.
502 769 670 836 Balduino
689 772 711 850 ¹,
729 771 783 838 del
799 793 981 858 progresso
1001 772 1035 838 d'
1055 771 1078 838 il
1093 771 1233 858 negotio
1248 774 1284 840 di

81 883 176 967 quella
189 882 402 964 fundatione,
419 886 452 951 la
467 905 600 952 summa
614 885 670 952 del
685 886 786 972 quale
801 885 931 972 impero
949 886 982 954 io
998 886 1072 954 diro
1091 885 1127 954 in
1147 899 1280 971 questa,

82 1011 111 1064 et
126 1009 207 1066 tutto
227 999 283 1066 cio
301 1001 368 1067 che
393 1003 438 1066 m'
466 1003 644 1068 occorrera
670 1023 770 1088 sopra
796 1002 875 1086 quel
901 1000 1057 1090 collegio,
1088 1003 1137 1070 La
1152 1002 1233 1069 citta
1249 1002 1283 1070 di

81 1115 142 1182 Sto.
158 1115 357 1182 Andomaro
371 1125 425 1182 sta
439 1115 506 1182 alla
516 1113 678 1182 frontiera
692 1115 727 1181 di
743 1117 875 1183 Franza
896 1137 996 1184 uerso
1016 1117 1129 1198 Cales,
1147 1127 1182 1184 et
1198 1119 1283 1183 Ter-

80 1247 165 1311 uana,
181 1231 281 1298 chee
302 1227 449 1310 ruinata,
467 1239 549 1298 eto:
567 1238 602 1298 et
623 1251 729 1317 penso
745 1232 851 1300 esser’
872 1229 1077 1298 incomodita
1097 1253 1157 1317 per
1176 1233 1283 1298 hauer

80 1345 206 1432 collegio
225 1345 316 1413 della
343 1344 567 1432 Compagnia,
591 1355 625 1414 et
645 1345 794 1433 pericolo
820 1345 855 1410 di
873 1345 1004 1432 perder'
1031 1347 1053 1412 l'
1081 1346 1207 1414 intrata
1227 1347 1284 1412 in-

76 1467 206 1548 gruem
232 1461 325 1540 betto,
341 1471 407 1528 etc.
437 1461 487 1528 La
501 1459 569 1527 cita
593 1481 662 1528 non
682 1461 703 1527 ὲ
723 1460 866 1546 grande,
892 1461 935 1528 ne
951 1461 1133 1548 populosa,
1155 1462 1199 1528 ne
1220 1462 1284 1528 alla

78 1576 162 1659 quale
175 1575 354 1662 veughino
378 1573 524 1642 scholari
551 1575 586 1642 di
613 1577 756 1658 Franza;
779 1585 814 1644 et
836 1585 950 1642 tamen
966 1575 995 1644 si
1015 1597 1114 1662 spera
1129 1580 1192 1644 che
1214 1597 1284 1644 non

78 1693 244 1759 manchera
258 1712 434 1758 concorso.
455 1692 644 1759 llvescouo
665 1691 843 1758 fundatore
859 1691 871 1724 ⁸
889 1691 908 1758 ὲ
929 1692 1008 1760 delli
1028 1692 1167 1759 vescoui
1188 1692 1282 1773 noui,

79 1808 188 1874 huomo
203 1806 331 1887 nobile,
347 1816 383 1874 et
398 1807 521 1874 abbate
532 1805 568 1872 di
579 1806 684 1893 lungo
695 1813 809 1892 tompo
824 1804 859 1871 di
871 1807 922 1875 St
949 1806 1092 1886 Bertin’,
1107 1809 1171 1874 che
1183 1808 1201 1872 ὲ
1214 1806 1284 1872 rica

80 1922 212 2004 abbatia,
229 1922 315 1990 fatto
331 1923 439 2008 (come
454 1921 502 1988 lui
518 1920 702 1990 medesimo
722 1921 808 2007 dice)
823 1942 990 2002 vesoouo,
1003 1921 1039 1988 in
1059 1921 1173 1988 buona
1188 1931 1285 2008 parte

80 2040 187 2124 perche
202 2039 288 2105 altro
303 2057 465 2118 vescouo,
483 2039 548 2106 che
574 2057 643 2103 non
669 2035 736 2104 fusi
757 2035 841 2120 rico,
871 2057 938 2103 non
954 2037 1148 2106 hauerebbe
1164 2047 1285 2122 potuto

79 2165 252 2222 sustentare
267 2153 292 2220 il
307 2163 397 2221 stato
409 2174 484 2233 suo,
498 2174 568 2220 non
579 2153 725 2220 essendo
736 2152 854 2219 dotato
867 2151 890 2216 il
901 2163 1097 2219 vescouato.
1114 2134 1142 2218 E
1154 2154 1283 2218 huomo

78 2270 151 2336 assai
169 2269 322 2350 vecchio,
346 2271 473 2349 buono,
493 2278 528 2336 et
549 2267 579 2334 si
600 2277 753 2336 muostra
780 2268 887 2334 molto
913 2268 1066 2335 allettato
1093 2267 1158 2334 alla
1179 2267 1285 2333 Com-

78 2387 187 2473 pognia
202 2397 235 2456 et
250 2387 400 2453 abuone
414 2406 529 2472 opere.
548 2384 683 2469 Questo
697 2381 837 2469 negotio
852 2381 887 2449 di
902 2381 982 2468 quel
997 2381 1154 2468 collegiO,
1170 2379 1283 2448 trouai

78 2504 205 2570 essendo
223 2503 269 2582 li,
298 2503 364 2568 che
389 2501 413 2566 l’
441 2503 578 2566 haueua
603 2497 779 2584 negotiato
804 2497 829 2562 il
854 2496 1063 2583 prouinciale
1086 2497 1229 2564 Costero
1248 2504 1284 2562 et

77 2620 148 2685 liro.
167 2616 345 2698 Balduino,
363 2627 398 2684 et
413 2623 550 2702 passato
565 2620 660 2680 tanto
675 2611 803 2692 auanti,
826 2615 890 2680 che
911 2614 1092 2680 haueuano
1113 2618 1284 2679 accettato

78 2736 97 2799 il
108 2735 243 2821 oollegio
257 2735 283 2815 ³,
302 2732 433 2799 bench&
449 2730 472 2796 li
487 2728 607 2798 hauesi
626 2729 745 2796 scritto
765 2727 798 2795 io
813 2729 857 2794 da
878 2727 1020 2794 Colonia
1040 2729 1117 2808 che,
1139 2725 1196 2813 gia
1215 2727 1279 2794 che

77 2873 164 2919 senza
179 2849 297 2918 ordine
312 2850 494 2915 haueuano
514 2844 673 2912 mandato
689 2843 722 2910 li
750 2841 862 2910 alcuni
878 2841 912 2910 di
928 2841 1048 2923 nostri,
1072 2862 1142 2909 non
1164 2861 1284 2927 passa-

78 2988 140 3034 sero
154 2965 280 3046 auanti,
297 2961 399 3030 insin'
422 2961 487 3028 alla
501 2959 569 3026 11113
589 2968 728 3039 venuta,
745 2967 781 3024 et
801 2960 866 3025 che
886 2957 944 3043 gii
960 2979 1083 3026 senon
1099 2966 1284 3043 puotesero

78 3081 235 3162 reuocarli,
249 3101 320 3146 non
338 3074 616 3144 incominciasero
632 3074 760 3142 schole.
774 3074 864 3142 Loro
876 3070 1164 3138 inoominciorono
1178 3072 1281 3137 scho-

77 3196 111 3277 le,
123 3209 153 3264 et
167 3199 282 3266 detero
298 3203 350 3260 tre
365 3190 494 3270 mastri,
507 3189 532 3256 il
547 3190 588 3257 P.
604 3189 769 3257 Florenzo
785 3189 811 3268 ⁴,
825 3190 911 3256 Mro.
930 3185 1106 3255 Giacobeo
1122 3188 1148 3268 ³,
1172 3195 1207 3252 et
1224 3186 1280 3250 vn’

75 3312 157 3379 altro.
173 3307 412 3380 Dimandando
427 3306 462 3373 io
476 3304 642 3393 raggione
657 3325 678 3371 a
693 3307 780 3372 Mro.
799 3304 945 3371 Costero
960 3302 1084 3388 perche
1100 3303 1283 3368 haueuano

76 3439 192 3512 passato
205 3425 278 3495 cosi
300 3421 429 3504 auanti,
451 3420 498 3487 mi
513 3419 586 3488 dise
602 3421 729 3487 hauere
744 3421 889 3485 hauutta
908 3415 1147 3484 commissione
1167 3435 1232 3481 con
1247 3414 1281 3480 la

75 3545 158 3625 quale
170 3553 322 3630 puoteua
340 3538 438 3618 tarto,
455 3545 490 3605 et
510 3555 576 3603 con
595 3534 708 3618 quella
727 3532 873 3619 risposta
890 3531 938 3598 mi
957 3529 1126 3600 satisfece.
1150 3527 1279 3596 Trouai

76 3658 146 3727 ultre
158 3658 191 3725 di
207 3664 331 3744 questo
345 3656 411 3721 che
430 3655 611 3718 haueuano
626 3649 710 3715 13113
729 3669 797 3714 vna
812 3645 965 3733 supplica
985 3667 1005 3712 a
1026 3645 1194 3722 madama,
1220 3643 1280 3710 hoc

79 3779 257 3794 η*-

120 3829 125 3858 ¹
156 3826 318 3884 Balduinus
330 3824 368 3879 ab
382 3821 506 3892 Angelo,
521 3815 572 3892 qui
585 3817 657 3872 haec
670 3815 747 3871 inter
759 3814 816 3870 alia
829 3814 865 3869 de
879 3813 976 3888 seipso
988 3813 1043 3867 hoc
1056 3827 1132 3867 anno
1149 3811 1277 3882 scripsit:

76 3919 196 3976 ¹...modo
209 3931 281 3971 vero
293 3919 341 3968 est
352 3917 450 3966 rector
461 3905 573 3964 inutilis
586 3905 616 3960 in
629 3903 738 3960 Sancto
750 3901 927 3959 Andomaro.
943 3898 1181 3972 Audomeropoli,
1199 3898 1276 3968 1567,

75 4000 389 4074 1.·011311111117111.
404 3997 523 4066 Notat,
535 3995 573 4063 11,
588 3991 651 4064 543.

116 4103 125 4133 ²
157 4091 305 4154 Gerardus
317 4087 355 4145 de
368 4085 574 4143 Homericourt
585 4079 678 4152 (1563-
693 4081 708 4135 1
729 4083 817 4150 1577).
832 4079 934 4148 Gnrts,
948 4080 1004 4134 loo.
1018 4077 1069 4134 cit.
1083 4075 1130 4132 Cf.
1146 4077 1278 4132 Succur-

73 4175 533 4254 fflmfflffifflfflm

113 4276 123 4308 ³
154 4273 199 4332 Ci.
213 4271 414 4333 snccmuuu,
428 4265 484 4319 loc.
500 4277 594 4334 nuper
605 4259 657 4314 cit.

114 4366 124 4399 ⁴
154 4361 296 4419 Martinus
308 4351 474 4412 Florentius
484 4348 520 4420 (1)
532 4351 567 4404 ln
578 4347 713 4418 catalogo
725 4343 844 4416 collegii
855 4340 1034 4399 coloniensis
1046 4357 1123 4398 euno
1138 4341 1207 4409 1567
1226 4341 1276 4394 ha·

72 4451 143 4509 1111111
164 4448 323 4508 1113111111
344 4440 519 4505 Florentius,
542 4437 642 4494 socius
663 4433 797 4506 magistri
818 4431 1023 4488 nouitiorumu.
1046 4429 1190 4496 1111131111,
1215 4430 1271 4484 loc.

72 4541 123 4608 cit,
136 4540 194 4610 784.
207 4539 241 4594 ln
254 4535 358 4592 eodem
371 4532 447 4588 libro
457 4526 577 4600 saepius
589 4523 627 4580 de
640 4521 744 4580 eodem
761 4521 794 4575 fit
808 4519 928 4576 mentio.
947 4517 1019 4592 Ejus
1037 4533 1162 4573 examen
1180 4525 1226 4573 est
1244 4517 1274 4572 in

72 4629 154 4700 Epist.
167 4627 280 4695 Notat,
296 4623 334 4690 ll,
350 4617 412 4690 573.

116 4719 126 4753 ⁸
158 4719 281 4789 Joannes
294 4711 468 4784 Jacobaeus.
483 4703 554 4777 Ejus
567 4718 691 4759 examen
704 4697 772 4754 vide
787 4698 817 4754 in
830 4698 926 4771 Epist.
941 4695 1057 4765 Natat,
1072 4695 1110 4762 11,
1126 4693 1189 4765 563.

187 4813 272 4859 Errsr.
290 4810 318 4855 Ρ.
334 4807 435 4858 Nuper..
449 4813 506 4848 rou.
521 4800 566 4846 111.
1113 4794 1142 4838 ³2
