3404 5380
542 495 577 551 27
596 481 741 540 Aucusm
762 479 831 550 1566
979 565 982 578 ἱ
1212 481 1265 540 223

104 637 222 704 ilRmo.
240 638 446 704 olomucense
465 638 487 717 ¹,
505 637 539 702 la
554 633 610 702 cui
626 634 811 702 eccellente
829 634 969 701 uolonta
985 643 1019 703 et
1034 633 1108 702 zelo
1123 635 1157 700 d'
1176 633 1298 704 aiutar'

106 755 126 818 l'
140 752 238 818 anime
250 753 291 818 m'
306 755 349 820 ha
364 752 446 818 dato
460 772 548 838 gran
567 748 801 817 consolatione
821 750 877 817 nel
897 747 1056 836 Signore.
1080 751 1139 817 Ho
1161 760 1300 820 trattato

104 889 160 934 con
174 868 236 936 Sua
248 868 298 936 S.⁸
315 869 427 946 Rma.,
445 876 480 933 et
495 865 585 932 visto
600 873 723 950 questo
742 863 888 950 negocio
903 863 993 933 della
1008 884 1071 931 sua
1086 864 1298 947 fundatione,

108 997 135 1048 et
147 1004 260 1050 nesuna
274 1003 350 1049 cosa
365 980 549 1048 habbiamo
565 990 707 1066 possuto
722 978 915 1046 desiderare
931 981 976 1046 ne
990 979 1186 1049 dimandare
1201 983 1245 1048 da
1256 981 1301 1050 lei

108 1121 156 1184 per
168 1097 382 1164 incominciar’
397 1107 520 1181 questo
536 1095 695 1182 collegio,
713 1097 777 1162 che
793 1093 969 1164 uolentier’
984 1117 1053 1161 non
1064 1096 1087 1161 l'
1102 1096 1205 1163 habbi
1217 1117 1303 1164 con-

104 1233 193 1280 cessa.
211 1213 354 1281 Essendo
370 1212 453 1297 pero
468 1211 631 1278 difficolta
645 1210 689 1277 de
709 1210 866 1276 fundarlo
882 1210 1031 1277 secondo
1051 1211 1116 1280 che
1131 1211 1300 1295 desidera,

108 1337 182 1393 tanto
195 1328 246 1393 dal
257 1339 357 1394 canto
373 1347 437 1393 suo
453 1349 514 1413 per
533 1347 603 1392 non
619 1327 737 1394 hauer'
755 1323 790 1391 di
811 1335 969 1411 presente
988 1324 1012 1390 il
1032 1327 1148 1408 modo,
1171 1339 1301 1413 quanto

106 1441 149 1506 dal
160 1453 263 1509 nostro
277 1464 336 1528 per
351 1451 591 1510 mancamento
606 1443 640 1506 d’
658 1439 815 1526 operarij3
834 1439 1013 1526 perciochd
1029 1443 1131 1510 uuole
1143 1445 1206 1510 sar'
1224 1444 1302 1510 vni·

107 1557 206 1623 ueniti
220 1557 259 1624 de
270 1555 383 1624 studio
393 1558 556 1643 generale
567 1556 610 1622 de
624 1566 713 1622 tutte
725 1555 756 1622 le
771 1553 950 1640 discipline
961 1557 1025 1623 che
1041 1557 1074 1622 la
1086 1557 1302 1646 Compagnia

109 1669 236 1757 insegna,
249 1683 280 1740 et
290 1693 359 1738 non
372 1671 547 1758 puotendo
558 1671 616 1738 noi
629 1670 662 1737 in
675 1681 797 1756 questo
810 1681 923 1756 tempo
936 1670 1096 1757 supplire,
1111 1671 1158 1737 mi
1169 1675 1189 1741 ὸ
1201 1695 1302 1760 parso

110 1786 137 1848 iu
148 1788 285 1868 Omnino,
300 1786 449 1854 secondo
464 1786 498 1852 la
513 1785 754 1854 commissione
768 1788 832 1853 che
849 1786 893 1852 V.
908 1788 950 1851 P.
969 1784 1015 1850 mi
1028 1788 1082 1866 da,
1097 1787 1217 1874 prima:
1232 1811 1300 1856 non

109 1899 199 1967 leuam
212 1902 308 1986 quelli
324 1912 376 1968 tre
392 1921 414 1968 o
428 1911 550 1986 quatro
561 1901 605 1966 de
616 1899 723 1967 nostri
738 1902 802 1966 che
815 1912 959 1966 stauano
970 1900 1028 1986 gia
1039 1901 1110 1986 qui.
1126 1904 1299 1972 Secondo:

111 2017 208 2099 poche
221 2016 275 2082 doi
289 2017 332 2083 de
346 2015 460 2102 questi
475 2037 544 2082 non
565 2026 760 2101 puoteuano
780 2018 906 2101 portar'
930 2025 1025 2082 tanto
1045 2037 1140 2102 peso,
1163 2039 1262 2086 come
1283 2022 1303 2088 ἑ

111 2130 245 2213 predicar’
261 2142 294 2198 et
310 2132 452 2218 leggere
466 2129 622 2207 insieme,
640 2133 685 2196 ho
701 2142 865 2215 proposto
886 2141 921 2197 et
941 2131 1074 2198 olferito
1096 2133 1128 2198 al
1145 2135 1245 2200 Rmo.
1268 2136 1305 2202 di

113 2243 156 2310 lar'
171 2247 266 2312 uenir'
283 2248 440 2314 almanco
456 2244 512 2311 doi
533 2266 555 2310 o
571 2255 622 2312 tre
646 2244 722 2311 altri
743 2247 807 2312 che
827 2245 1009 2332 insegnino
1030 2248 1253 2346 grammatica
1268 2263 1304 2320 et

110 2359 265 2442 humaniti,
278 2370 313 2430 et
325 2358 487 2427 etiamdio
500 2359 604 2428 chesi
617 2359 761 2446 pigliara
772 2361 804 2426 la
816 2381 900 2427 cura
910 2361 968 2430 del
978 2362 1174 2444 seminario,
1189 2386 1305 2434 osser-

113 2475 223 2544 uandosi
236 2475 366 2562 imperti
381 2475 406 2540 il
420 2476 559 2542 decreto
574 2476 663 2544 della
679 2475 940 2562 congregation'
962 2479 1122 2563 generale
1145 2481 1170 2559 ¹,
1193 2489 1228 2546 et
1244 2502 1305 2567 per

111 2593 197 2672 quest'
211 2613 296 2658 anno
312 2613 382 2658 non
399 2592 460 2656 lar*
478 2592 563 2658 altra
583 2611 676 2672 cosa,
693 2591 728 2657 d'
746 2591 769 2656 il
785 2594 850 2660 che
866 2593 885 2659 ὁ
901 2603 1028 2659 testato
1043 2604 1219 2663 contento.
1238 2598 1306 2665 Sa-

114 2705 192 2773 rebbe
205 2709 305 2774 molto
325 2729 347 2772 a
367 2706 554 2793 proposit0,
573 2729 611 2775 se
630 2708 664 2774 la
691 2709 731 2773 P.
758 2709 801 2775 V.
821 2707 852 2774 ci
879 2707 1031 2775 mandasi
1051 2709 1136 2778 dila
1155 2733 1223 2779 vno
1244 2735 1305 2798 per

115 2817 224 2906 leggere
238 2821 416 2890 rhetorica.
435 2821 484 2889 Mi
500 2823 544 2888 ha
559 2843 685 2903 mosso,
704 2823 827 2902 Padre,
848 2846 870 2890 a
885 2826 947 2890 far’
970 2835 1092 2908 questo
1111 2827 1224 2894 slorzo
1242 2832 1307 2896 che

116 2933 147 2998 ho
160 2937 241 3020 lano,
258 2937 280 3003 il
297 2939 405 3004 frutto
421 2940 486 3004 che
505 2938 596 3006 uedo
618 2939 683 3004 co'l
708 2940 818 3005 fauor'
842 2937 961 3005 diuino
983 2939 1019 3005 in
1040 2951 1160 3026 questa
1176 2943 1256 3024 cita,
1273 2944 1307 3012 la

116 3051 223 3119 tolonti
235 3055 322 3122 della
339 3054 410 3122 85²
433 3053 478 3120 de
493 3064 610 3120 nostro
626 3053 787 3140 Signore,
804 3064 840 3120 et
855 3056 968 3139 quella
983 3057 1072 3124 della
1094 3059 1175 3125 Md*
1199 3060 1307 3126 Cesa-

115 3183 165 3246 rea,
178 3167 206 3234 la
219 3169 321 3236 bonta
336 3178 373 3234 et
388 3190 475 3255 gran
491 3169 566 3236 zelo
580 3169 624 3238 de
640 3172 770 3238 Monsr
794 3170 1025 3252 olomucense,
1044 3184 1079 3240 et
1091 3174 1114 3239 l'
1132 3174 1307 3242 aflettione

114 3292 139 3344 et
151 3281 246 3350 buona
260 3286 400 3351 volonta
412 3283 447 3350 di
463 3295 585 3371 questo
601 3285 705 3365 clero,
721 3295 756 3354 et
772 3286 860 3352 della
873 3284 941 3355 cita
953 3307 1053 3354 uerso
1070 3288 1105 3354 di
1115 3289 1185 3355 noi.
1201 3291 1308 3364 Tutto

115 3393 218 3464 oi'oche
231 3398 257 3465 si
272 3402 291 3466 ἐ
308 3409 450 3467 trattato
471 3400 539 3466 co'l
555 3401 654 3467 Rmo.
674 3399 759 3486 (eloe
780 3401 835 3466 ch'
858 3399 882 3466 il
908 3401 1052 3484 collegio
1077 3405 1107 3470 s'
1124 3402 1308 3472 incominci

116 3507 173 3590 plan
189 3513 292 3598 piano,
321 3525 358 3581 et
379 3516 444 3580 che
467 3513 496 3580 si
516 3515 606 3581 uada
629 3517 816 3582 crescendo
836 3518 870 3581 d'
893 3516 1049 3602 operarij,
1072 3521 1221 3587 secondo
1242 3523 1307 3590 che

117 3633 240 3695 crescent
252 3631 284 3695 la
300 3628 503 3697 fundatione
515 3639 550 3695 et
561 3628 749 3715 possibilita
764 3630 799 3696 d'
812 3632 933 3698 hauer'
947 3633 980 3697 d’
994 3631 1005 3696 i
1018 3631 1125 3703 nostri
1137 3633 1172 3699 in
1185 3646 1307 3719 questo

119 3745 203 3828 paese)
216 3743 242 3811 si
260 3748 279 3812 ἑ
299 3755 479 3814 reseruato
494 3746 526 3812 31
553 3766 722 3814 consenso
749 3747 838 3813 della
855 3749 896 3813 P.
926 3750 970 3815 V.
1002 3751 1069 3815 Per
1095 3759 1216 3833 questa
1237 3772 1307 3816 non

118 3873 229 3928 oocone
242 3863 336 3929 altro:
356 3861 494 3930 dimane
508 3882 573 3928 con
596 3861 629 3926 la
645 3861 756 3946 gratia
776 3862 831 3928 del
851 3861 998 3950 Signore
1018 3863 1145 3949 partiri)
1160 3865 1194 3931 la
1215 3865 1308 3932 uolta

119 3968 151 4034 de
163 3973 268 4062 Plaga.
285 3975 376 4046 Nelli
392 3975 482 4042 santi
497 3975 652 4062 sacrificij
670 3984 705 4044 et
720 3975 866 4043 orationi
881 3979 924 4045 de
939 3980 982 4045 V.
999 3981 1039 4046 P.
1054 3979 1160 4046 molto
1171 3979 1307 4048 deside-

118 4082 199 4154 tiamo
211 4097 305 4158 esser'
323 4091 590 4160 raccomandati.
607 4091 703 4159 lddio
719 4102 837 4159 nostro
853 4091 1012 4180 Signore,
1028 4115 1088 4179 per
1100 4115 1163 4162 sua
1175 4093 1310 4163 infinita

119 4199 322 4291 misericordia,
339 4208 374 4276 ci
389 4206 447 4274 dia
462 4208 494 4274 ia
509 4229 572 4275 sua
587 4207 724 4293 copiosa
736 4208 849 4294 gratia
864 4209 908 4275 da
924 4209 974 4275 far
995 4230 1128 4295 sempre
1144 4211 1310 4296 perfetta-

121 4379 281 4404 Ἢ--ι

163 4507 169 4538 ¹
198 4507 618 4585 GuilielmusPrussinoweky.

163 4597 172 4628 ¹
201 4596 436 4674 Congregationis
453 4617 499 4658 sc.
516 4600 674 4674 secundae,
690 4600 843 4657 decretum
861 4599 888 4671 8,
908 4610 976 4674 post
994 4603 1179 4672 electionem,
1199 4603 1238 4659 de
1255 4605 1315 4661 col-

126 4677 191 4750 111ῑὶ1
200 4691 275 4746 novis
286 4707 343 4748 non
355 4689 560 4764 admittendis,
572 4689 630 4748 nisi
641 4689 723 4764 prius
736 4689 864 4747 admissa
876 4691 963 4765 plene
974 4691 1135 4748 constituta
1147 4691 1267 4750 fuerint.
