3318 5376
425 521 477 591 284
812 522 918 578 Ernst.
939 520 972 575 Ρ.
994 519 1199 590 Nonne-444

388 673 421 741 si
436 676 534 759 potre
548 675 631 755 fare,
645 675 779 742 benche
791 671 993 740 trattandosi
1005 670 1040 737 di
1055 673 1213 752 reforma,
1229 690 1308 757 pare
1319 671 1353 737 16
1364 691 1443 737 cosa
1460 671 1624 756 alquanto

390 789 489 855 dura.
509 790 587 857 Non
604 809 743 858 occorre
759 789 845 856 altro
857 786 891 852 in
905 786 1051 873 risposta
1063 787 1128 853 alle
1143 787 1263 854 lettere
1274 785 1310 852 di
1322 789 1366 854 V.
1381 788 1421 853 R.
1440 788 1529 871 Qua
1545 787 1622 852 stia-

391 926 451 971 rno
463 925 528 970 con
540 903 650 971 saniti
663 903 845 984 mediocre,
860 903 927 970 Dio
938 902 1087 982 laudato,
1103 911 1138 970 et
1153 903 1186 968 16
1198 901 1411 970 rinouatione
1422 901 1507 970 delli
1522 902 1620 987 studij

279 1077 285 1086 .
392 1021 425 1086 s'
442 1021 462 1086 e
479 1021 562 1087 fatte
577 1043 597 1086 a
613 1037 652 1086 21
671 1019 727 1088 del
743 1031 913 1106 presente,
931 1015 965 1082 in
980 1013 1083 1084 'modo
1100 1020 1163 1084 che
1183 1039 1221 1086 se
1240 1017 1364 1084 alcuno
1379 1017 1512 1102 ueniua
1528 1037 1588 1102 per
1602 1016 1621 1082 il

393 1155 506 1216 corso,
524 1133 559 1200 di
574 1135 617 1215 le,
632 1135 666 1201 1ο
678 1137 814 1201 trouarir
825 1131 1040 1200 corninciato.
1056 1131 1153 1199 Tutti
1163 1132 1196 1198 ci
1207 1131 1508 1199 raccomandiamo
1521 1133 1623 1198 molto

397 1251 485 1319 nelle
500 1249 645 1316 orationi
662 1260 696 1316 et
712 1247 867 1334 sacrificij
884 1247 920 1313 di
935 1250 979 1315 V.
1004 1250 1065 1328 R.,
1083 1257 1149 1314 etc.
1168 1247 1214 1316 Di
1229 1249 1348 1328 Roma,
1366 1247 1390 1312 li
1406 1247 1449 1314 26
1467 1249 1505 1314 d'
1524 1248 1621 1315 Otto

394 1366 457 1431 bre
478 1366 572 1450 1566.
596 1367 639 1433 D.
660 1366 702 1433 V.
724 1367 765 1430 R.
784 1363 897 1432 sieruo
912 1385 955 1430 en
973 1362 1051 1445 X.⁰,

1224 1480 1441 1548 anncrsco

462 1598 584 1676 Padre,
603 1598 729 1662 mucho
745 1617 799 1662 rne
816 1595 978 1662 consuelo
990 1615 1055 1660 con
1072 1615 1131 1660 sus
1143 1594 1247 1662 tetras
1262 1617 1283 1680 y
1301 1615 1365 1660 con
1382 1616 1442 1661 sus
1460 1593 1619 1678 trabajos.

395 1713 435 1778 El
452 1712 576 1794 Senot,
595 1733 656 1797 por
672 1709 776 1796 quien
792 1711 825 1777 lo
840 1713 937 1790 haze,
957 1731 994 1776 se
1010 1709 1043 1775 lo
1060 1709 1245 1794 retribuya.
1263 1711 1318 1776 Yo
1334 1718 1431 1796 estoy
1447 1731 1494 1776 en
1512 1711 1621 1776 Monte

393 1826 538 1895 Cauallo
553 1846 618 1893 con
634 1837 726 1893 eston
745 1825 872 1894 Padres
893 1825 1074 1911 recogidos
1090 1846 1171 1910 para
1194 1825 1319 1904 acebar
1341 1827 1384 1893 de
1412 1847 1555 1911 repasar
1576 1825 1620 1888 los

395 1942 549 2011 escritos
570 1943 667 2008 Todo
682 1963 726 2008 va
742 1941 834 2020 bien,
852 1939 937 2007 Dios
953 1939 1063 2007 loado.
1080 1941 1110 2006 Y
1127 1960 1256 2026 porque
1272 1941 1304 2008 el
1320 1942 1375 2007 dia
1391 1941 1435 2008 de
1452 1941 1492 2009 S.
1509 1940 1619 2009 Simon

399 2058 541 2146 yJudas
557 2057 693 2142 comple
708 2055 773 2121 mis
789 2065 873 2122 anos
889 2054 1104 2137 miserableS,
1123 2054 1202 2141 pido
1217 2062 1237 2122 6
1254 2057 1297 2122 V.
1317 2058 1358 2123 R.
1377 2079 1444 2123 vna
1467 2055 1584 2133 missa,
1600 2075 1619 2138 y

397 2193 467 2258 que
480 2193 611 2258 ruegue
628 2193 689 2257 por
706 2175 763 2252 ml,
782 2182 848 2237 etc.

1231 2288 1447 2356 anncrsco.

478 2404 667 2490 Vestigium
680 2402 802 2489 sigilli.

977 2543 1064 2605 m

729 2663 769 2726 P.
797 2661 1106 2729 HIERONYMUS
1129 2662 1293 2729 NADAL

626 2831 628 2836 ,
658 2772 844 2832 SANCTO
864 2763 1129 2833 FRANCI'SCO
1148 2775 1205 2830 DE
1224 2772 1369 2847 BORJA

764 2883 933 2942 uonncrrn,
947 2885 981 2942 29
998 2883 1156 2928 ocroenrs
1171 2872 1237 2941 1566
1252 2876 1272 2929 ¹.

400 2984 431 3026 r.
448 2969 494 3024 De
506 2969 631 3041 collegio
644 2969 846 3041 oenipontono
864 2974 892 3024 et
913 2971 949 3024 de
968 2971 1094 3026 coeteris
1118 2972 1304 3043 scripturum
1324 2989 1355 3028 se
1372 2973 1458 3028 dicit:
1480 2991 1530 3029 sex
1541 2986 1618 3044 quoe·

436 3059 545 3113 stiones
557 3059 593 3114 de
606 3059 733 3131 reginis,
747 3059 784 3114 de
800 3076 909 3114 earum
921 3060 1114 3131 consessoriis
1127 3078 1163 3116 ac
1175 3062 1346 3117 donis-2.
1369 3062 1520 3134 Responsa
1532 3079 1550 3115 o
1566 3058 1616 3114 No·

438 3147 496 3201 tali
505 3146 738 3219 proposito-3.
754 3145 921 3219 Erfordioe
934 3149 1175 3204 conventiculum
1182 3149 1375 3222 frustratum
1382 3151 1559 3224 fuisse-4.
1572 3147 1616 3201 Βέ-

439 3236 558 3306 lingum
568 3235 657 3306 petit:
671 3253 712 3289 on
726 3252 801 3290 cura
811 3237 1056 3306 provinciarum,
1071 3255 1147 3308 quas
1153 3235 1223 3309 jam
1236 3239 1352 3304 invisit,
1366 3245 1434 3311 post
1449 3239 1515 3311 ejus
1527 3239 1616 3294 disces·

438 3340 505 3376 sum
518 3323 579 3394 ipsi
591 3323 802 3388 demandetur,
817 3323 999 3398 interrogat.

477 3455 505 3504 1.
549 3441 652 3526 JhuS.
675 3439 781 3506 Molto
798 3440 887 3506 Rdo.
915 3453 1033 3509 nostro
1049 3445 1160 3512 Padre
1186 3443 1222 3510 in
1243 3447 1332 3531 Xpo.
1359 3447 1430 3510 Pax
1458 3442 1535 3530 Xpi.
1552 3449 1610 3505 etc.

408 3556 523 3622 Penso
541 3575 606 3620 con
621 3554 654 3620 16
669 3553 786 3619 diuina
805 3555 916 3640 gratia
937 3554 1088 3641 partirmi
1110 3555 1247 3623 domani
1267 3579 1327 3643 per
1345 3570 1359 3603 ⁸
1375 3553 1576 3646 ingolstadio
1589 3563 1616 3617 et

403 3670 579 3754 Augusta,
609 3679 645 3735 et
672 3691 741 3734 non
768 3668 919 3736 scriuerd
947 3691 1008 3756 per
1034 3683 1154 3756 questa
1178 3673 1291 3758 quello
1314 3677 1377 3739 che
1404 3673 1469 3741 sie
1496 3676 1574 3740 fatto
1587 3665 1614 3730 in

404 3794 527 3869 questo
542 3784 688 3871 collegio
704 3785 815 3869 questi
832 3785 956 3871 cinque
972 3787 1083 3874 giomi
1096 3793 1159 3856 che
1175 3791 1303 3855 hauero
1318 3799 1407 3856 stato
1423 3789 1458 3856 in
1480 3807 1561 3856 esso.
1579 3778 1614 3848 Di

404 3909 527 3986 questo
543 3911 577 3965 et
593 3899 627 3965 di
656 3901 736 3966 tutti
752 3900 801 3986 gli
830 3901 906 3968 altri
923 3903 1056 3990 collegij
1074 3904 1225 3972 scriuerd
1241 3925 1305 3970 con
1323 3907 1355 3971 16
1373 3905 1485 3992 gratia
1501 3903 1551 3970 del
1570 3895 1614 3965 Si-

405 4035 515 4101 gnore
526 4014 729 4102 daDilinga,
744 4017 834 4084 doue
847 4016 875 4082 si
889 4018 960 4085 fari
971 4019 992 4082 l'
1007 4019 1125 4086 ultima
1136 4020 1334 4088 conclusion
1345 4021 1379 4086 di
1390 4031 1492 4087 tutto.
1506 4013 1614 4086 Mando

413 4155 447 4162 ..-

460 4228 476 4260 ⁸
505 4231 521 4273 6
534 4220 625 4274 verbo
639 4235 726 4292 seqq.
743 4219 856 4275 addidit
869 4220 934 4276 libr.
949 4239 1037 4294 supra
1050 4240 1131 4280 vers.

408 4323 622 4338 ...-..........,

461 4371 469 4403 ¹
506 4369 550 4422 Ex
563 4371 734 4442 archetypo,
745 4388 762 4426 6
775 4371 886 4442 Jacobo
895 4373 1040 4443 genuensi
1050 4383 1180 4442 exarato,
1192 4384 1222 4430 et
1233 4375 1347 4430 Natalis
1358 4392 1445 4430 manu
1458 4368 1612 4439 subscripto

404 4457 435 4510 in
453 4457 550 4528 Epist.
567 4457 685 4524 Natat„
699 4461 737 4528 11,
751 4459 861 4533 duplici
871 4459 943 4533 iol„
960 4463 1010 4531 156
1023 4461 1100 4534 (321,
1113 4461 1192 4534 366).
1210 4464 1257 4519 Ad
1266 4465 1377 4520 calcem
1387 4463 1497 4536 primae
1507 4457 1612 4534 paginae

407 4545 519 4601 Natalis
537 4565 639 4602 manu:
659 4549 705 4604 De
724 4549 886 4622 Erfordio‚
903 4551 981 4624 quod
999 4552 1205 4609 adnumerum
1224 4552 1241 4607 3
1257 4552 1344 4624 hujus
1362 4552 1514 4625 epistolae,
1531 4541 1614 4604 6161ἆο

407 4633 558 4689 Erfordiae
571 4638 777 4694 conventiculo
789 4639 897 4711 egitur,
911 4640 1096 4696 referendum
1111 4641 1237 4698 videtur.
1249 4642 1324 4698 Vide
1339 4643 1427 4714 epist.
1446 4655 1509 4713 446,
1521 4635 1564 4694 ubi
1576 4645 1612 4692 0³»

407 4737 484 4794 quoe
497 4723 532 4777 ad
547 4723 663 4794 reginas
681 4727 841 4797 pertinent,
854 4728 1052 4785 declarentur.
