3322 5370
523 495 552 537 11
575 483 702 540 Arnrnrs
724 483 792 552 1567
1177 490 1230 561 433

80 635 133 716 stri,
147 633 174 701 io
187 636 227 700 ho
240 635 335 703 detto
355 637 387 702 al
405 636 444 700 P.
464 634 616 702 Antonio
631 635 744 702 Vinch
767 638 774 670 ¹
793 648 828 706 et
843 639 875 704 al
893 640 932 705 P.
952 631 1127 707 Hermano
1148 609 1261 710 ¹‘scri-

81 771 146 816 nano
158 749 168 814 i
180 751 246 816 loro
257 749 370 836 pareri
383 751 409 830 ⁸,
423 752 487 816 che
499 771 621 816 sarano
633 771 699 818 con
711 762 842 836 queste,
860 764 894 821 et
905 755 951 820 ho
962 753 1081 822 scritto
1097 757 1129 822 al
1142 760 1183 824 P.
1197 759 1267 824 Ca-

80 865 210 931 nisioche
224 865 336 932 scriua
362 865 386 931 il
403 886 466 932 suo
493 866 517 932 ⁴.
538 867 564 931 Il
590 865 776 934 medesimo
803 867 877 934 diro
906 869 938 934 al
965 871 1006 936 P.
1029 869 1185 953 Costero,
1204 875 1270 939 che

78 1002 152 1066 spero
166 983 253 1048 verri
267 1003 336 1066 qua
353 991 477 1067 presto.
496 981 523 1048 11
538 980 607 1046 mio
618 1002 739 1068 parere
750 983 770 1048 ὁ
782 993 916 1068 quest0,
933 986 1054 1051 Padre:
1069 984 1188 1070 prima,
1204 989 1268 1055 che

80 1095 103 1160 in
115 1096 196 1182 spira
209 1118 278 1163 non
294 1097 326 1164 ci
342 1095 393 1164 sia
407 1096 581 1179 difficoltd,
598 1098 723 1182 perche}
739 1097 775 1163 in
787 1109 909 1185 questo
926 1101 1027 1166 modo
1038 1101 1082 1166 de
1093 1098 1270 1172 introdure

78 1213 135 1295 quel
147 1212 284 1300 collegio
304 1212 340 1278 in
356 1213 469 1296 quella
489 1212 556 1278 cita
581 1211 745 1292 heretica,
763 1223 798 1278 et
817 1212 1045 1282 dimandando
1064 1217 1148 1304 ogni
1168 1219 1270 1285 modo

77 1327 92 1390 li
101 1327 243 1410 canonici,
257 1331 334 1409 che,
348 1339 477 1412 quanto
489 1327 518 1394 si
530 1331 612 1414 pub,
626 1333 768 1393 utamur
775 1329 976 1413 prouidenli
986 1331 1269 1416 dissimulatione,

76 1443 161 1507 ellani
174 1445 412 1524 insinuatione,
425 1466 485 1530 per
501 1465 570 1510 non
586 1444 648 1510 dar
662 1442 843 1512 occasione
859 1445 893 1510 d'
916 1445 1082 1513 offension
1098 1447 1234 1534 publiea
1250 1470 1271 1516 a

77 1556 135 1621 tutti
145 1561 278 1642 possim,
294 1569 330 1626 et
351 1559 512 1625 hauendo
526 1569 544 1602 ⁸
564 1559 636 1625 cosi
657 1560 796 1642 andat0,
819 1559 842 1624 iI
863 1575 978 1646 tempo
994 1563 1059 1630 che
1079 1562 1099 1629 ὲ
1119 1572 1208 1630 stato
1222 1565 1268 1646 Ia,

77 1673 172 1739 vestito
186 1676 270 1741 Mro.
288 1675 473 1751 Lamberto
490 1675 501 1710 ³
514 1675 547 1740 al
558 1675 662 1740 modo
678 1675 763 1755 loro,
778 1684 813 1742 et
824 1673 925 1741 insin’
939 1676 1060 1744 adesso
1074 1679 1159 1745 Mr0.
1176 1679 1269 1748 Her-

77 1807 130 1854 mas
139 1787 152 1830 ¹³
161 1789 184 1869 ⁶,
192 1809 260 1856 non
271 1811 353 1875 pare
365 1776 430 1856 c'he
441 1789 470 1855 si
482 1789 552 1876 pud
564 1787 625 1855 iar'
633 1789 720 1856 altro
732 1792 796 1858 che
809 1789 981 1877 seguitare
993 1791 1017 1856 il
1029 1812 1155 1858 comun
1168 1793 1271 1860 modo

77 1901 226 1971 divestire.
242 1907 279 1971 In
293 1913 383 1972 tutta
395 1906 589 1991 Alamagna
600 1904 701 1972 etiarn
715 1905 761 1970 mi
772 1926 854 1990 pare
864 1906 888 1971 il
897 1905 1093 1973 medesimo:
1106 1910 1171 1974 che
1182 1908 1269 1974 hab-

77 2015 163 2084 bianro
174 2021 215 2086 da
230 2042 369 2089 seruare
385 2021 409 2084 l'
425 2019 596 2101 instituto,
614 2017 722 2085 chesi
750 2031 904 2086 muostra
931 2019 1161 2090 chiaramente
1180 2024 1272 2090 nella

75 2133 298 2202 confirmatione
329 2135 418 2203 della
444 2133 660 2221 Compagnia
681 2156 741 2219 per
760 2135 793 2200 la
819 2135 901 2202 sede
921 2134 1117 2221 apostolica,
1147 2147 1183 2206 et
1208 2160 1271 2224 per

76 2246 143 2313 111.0
157 2249 295 2337 capitolo
310 2249 400 2318 della
416 2247 470 2315 ὁ.ιι
487 2259 596 2334 parte.
615 2251 659 2315 Et
675 2248 722 2313 mi
738 2270 817 2334 pare
834 2273 854 2316 a
869 2271 924 2318 me
937 2253 1000 2317 che
1012 2252 1032 2316 ὲ
1043 2260 1133 2316 stato
1145 2262 1268 2336 questo

75 2381 120 2427 uso
131 2363 221 2432 insin’
238 2367 360 2434 adesso
374 2365 463 2433 nelle
478 2364 563 2431 altre
580 2363 720 2430 nationi.
740 2365 778 2429 In
798 2365 940 2450 Spagna
963 2379 997 2431 et
1020 2367 1220 2453 Portugallo
1234 2368 1268 2434 la

76 2479 103 2541 P.
118 2480 205 2546 V.·sa
220 2485 282 2550 che
298 2492 444 2547 vestono
460 2501 558 2548 come
573 2478 597 2544 li
613 2478 688 2545 altri
705 2479 802 2566 preti.
823 2481 860 2546 In
876 2482 985 2547 Roma
999 2502 1068 2547 non
1085 2484 1115 2547 c'
1133 2483 1153 2548 ἑ
1173 2494 1267 2549 certo

74 2592 165 2662 habito
177 2597 210 2662 di
225 2596 322 2684 preti.
343 2597 450 2662 Corne
470 2595 572 2662 eciti
589 2604 684 2661 tanto
707 2595 922 2679 frequentata
948 2596 992 2662 da
1018 2595 1201 2677 forestieri‚
1224 2598 1267 2666 de

75 2711 142 2791 quali
156 2717 230 2798 ogn'
246 2733 318 2778 uno
334 2732 500 2778 conserua
515 2709 539 2774 11
554 2731 617 2776 suo
632 2707 761 2790 habito,
775 2708 1001 2796 ilspagnuolo
1014 2711 1079 2777 alla
1091 2732 1267 2798 spagnuo-

75 2824 106 2904 la,
120 2827 258 2897 francese
278 2827 344 2895 alla
365 2829 532 2908 francese,
554 2834 621 2894 etc.
641 2825 684 2890 Et
699 2824 771 2891 cosi
799 2824 822 2890 11
845 2827 884 2891 P.
909 2827 994 2892 Mr0.
1024 2827 1157 2914 Ignatio
1173 2828 1268 2896 volse

75 2959 183 3012 seruare
196 2945 218 3010 il
232 2942 351 3011 habito
369 2942 533 3021 iranoese‚
547 2960 645 3008 come
660 2961 794 3007 veneua
809 2939 842 3006 di
859 2939 1014 3024 Francia,
1032 2962 1098 3007 con
1112 2942 1146 3009 la
1161 2943 1268 3009 robba

73 3055 153 3143 longa
165 3071 198 3126 et
212 3059 368 3126 maniche
386 3058 520 3143 larghe.
538 3058 581 3121 Et
608 3056 798 3122 ancorache
824 3078 894 3123 non
915 3055 981 3122 susi
997 3055 1068 3123 cosi
1096 3055 1263 3138 ordinato,

72 3169 92 3234 si
104 3194 133 3238 sa
146 3174 368 3241 chiaramente
387 3172 500 3238 chela
516 3171 731 3258 Compagnia
752 3191 821 3238 non
842 3173 887 3237 ha
902 3170 1032 3238 habito.
1048 3173 1091 3238 Et
1111 3171 1184 3240 cosi
1204 3193 1266 3258 per

72 3288 209 3374 raggione
227 3287 453 3356 conueniente
481 3287 512 3352 al
532 3285 733 3366 ministeri0‚
752 3285 780 3352 si
806 3287 941 3352 doueua
961 3287 1089 3372 eleger'
1112 3288 1215 3353 modo
1231 3287 1266 3353 di

72 3401 169 3471 vestire
183 3424 324 3471 comune
340 3402 396 3468 alli
412 3400 488 3469 altri
504 3399 637 3467 honesti
653 3399 752 3486 preti,
770 3401 924 3467 almanno
944 3402 1068 3486 perche
1084 3401 1127 3467 ne
1147 3400 1183 3466 in
1198 3423 1266 3469 vna

71 3517 184 3586 ninima
199 3541 274 3587 cosa
288 3515 493 3586 offendiarno
509 3514 532 3580 11
548 3513 648 3581 oechi
663 3515 706 3582 de
721 3513 858 3582 chinon
874 3535 1017 3582 cercano
1033 3536 1070 3583 se
1083 3537 1151 3582 non
1164 3535 1267 3583 occa-

72 3632 145 3702 sione
158 3635 191 3702 di
206 3657 270 3702 non
284 3634 429 3701 riceuer'
445 3631 469 3696 11
484 3630 659 3715 ministerij
673 3630 792 3714 nostri,
806 3642 873 3697 etc.
889 3632 932 3696 Et
945 3653 1013 3697 non
1028 3633 1100 3697 solo
1116 3634 1142 3698 s’
1156 3633 1265 3700 offen-

74 3747 187 3816 deriano
204 3751 237 3816 di
261 3759 385 3836 questo
400 3748 424 3812 li
444 3745 597 3827 heretici,
615 3767 671 3812 ma
686 3744 788 3812 etiam
804 3746 832 3812 si
848 3747 983 3814 offenda
1002 3745 1025 3811 il
1046 3747 1267 3814 arciuescouo

74 3896 240 3916 *Ἣ

112 3981 126 4016 ⁸
149 3973 208 4029 Hoc
219 3975 305 4029 verb.
323 3969 435 4027 addidit
447 3969 517 4025 libr.
534 3983 622 4040 supra
639 3984 719 4023 vers.
728 3968 777 4011 -b
788 3966 948 4039 Sequentia
961 3983 1053 4040 usque
1065 3967 1102 4023 ad
1114 3969 1269 4025 divestire

73 4055 126 4114 incl.
141 4061 169 4117 in
181 4079 270 4133 marg.
287 4057 402 4116 addidit
414 4059 484 4114 libr.

71 4179 253 4198 *¹¹*-

112 4249 117 4277 ¹
149 4248 314 4304 Provinciae
326 4249 475 4302 rhenanae
492 4243 691 4318 praepositus.

109 4339 117 4370 ¹
150 4337 328 4393 Hermannus
340 4335 506 4407 nysaeus,
519 4341 616 4388 rector
628 4332 747 4404 collegii
760 4332 943 4388 trevirensis.

111 4425 122 4456 ⁵
152 4425 220 4483 Vide
232 4427 263 4482 in
274 4423 404 4498 append.
422 4421 520 4478 XLIII
533 4420 651 4478 Vinchii
664 4421 841 4477 sententiam
854 4421 892 4477 de
905 4423 958 4477 hac
971 4439 1017 4478 re.

111 4515 122 4547 ⁴
153 4515 222 4571 Vide
232 4516 263 4572 in
275 4512 406 4588 append.
422 4511 503 4566 XLV
515 4509 628 4568 Caninii
640 4509 875 4567 informationem
888 4510 1011 4583 Borgiae
1023 4510 1132 4567 datam.

112 4603 122 4635 ⁵
152 4605 237 4674 Aner,
249 4612 345 4660 rector
356 4599 476 4672 collegii
490 4599 668 4670 moguntini.
765 4639 766 4644 .

111 4686 123 4722 ⁸
153 4692 314 4766 Halpawer.
332 4691 409 4748 Vide
422 4688 510 4762 epist.
523 4701 587 4759 459,
601 4706 651 4744 nn.
666 4703 683 4744 2
697 4698 727 4745 et
739 4704 766 4758 43
792 4697 822 4744 et
835 4685 898 4760 463,
912 4705 942 4745 n.
957 4701 983 4745 2.

181 4789 265 4836 Baras.
282 4791 312 4837 Ρ.
328 4789 431 4841 Nauae,
445 4797 505 4834 ron.
523 4785 571 4832 111.
1103 4786 1131 4832 ps
