3482 5386
667 509 832 565 Aprnumx
1270 516 1319 585 781

203 680 233 729 1.
266 737 269 744 ,
283 661 503 748 Experientia
515 671 615 742 teste,
630 660 811 728 didicimus
824 661 1018 729 huiusmodi
1031 665 1208 735 missiones
1220 667 1255 734 in
1267 670 1361 736 Ger·

130 751 260 832 mania,
278 752 358 820 licet
374 751 418 817 ad
433 772 561 836 paucos
577 751 678 817 etiam
702 771 836 816 menses
859 752 953 832 liant,
977 753 1102 821 nostris
1123 758 1362 824 sacerdotibus.

131 850 167 907 et
183 840 273 922 aliis,
290 841 350 924 qui
366 840 560 919 mittuntur,
579 839 786 924 periculosas
801 861 888 920 esse,
905 852 941 905 vt
953 863 1115 928 magnum
1128 843 1207 911 inde
1221 846 1358 931 capiant

132 929 275 1015 spiritus
294 928 553 1007 detrimentum,
576 927 772 1014 praesertim
797 930 841 993 ob
863 949 1080 998 communem
1104 933 1195 999 illam
1219 955 1356 1020 germa-

134 1039 258 1083 norum
274 1017 310 1084 in
331 1017 503 1084 communi
526 1017 620 1082 victu
643 1017 846 1084 libertatem.
873 1019 989 1103 ltaque
1013 1020 1111 1088 valde
1135 1025 1356 1091 metuendum

133 1107 285 1188 videtur,
302 1127 347 1172 ne
363 1106 456 1172 missi
469 1106 620 1192 plerique
632 1116 839 1186 nostrorum,
853 1108 1052 1191 praesertim
1065 1111 1108 1176 ad
1120 1110 1274 1179 homines
1287 1135 1357 1178 non

132 1197 333 1277 catholicos,
351 1195 405 1262 sui
421 1193 531 1281 magis
546 1194 710 1260 iacturam
727 1194 865 1276 iaciant,
884 1217 986 1280 quam
1003 1196 1078 1263 aliis
1100 1201 1243 1266 afferant
1264 1202 1356 1267 vtili-

133 1294 252 1351 tatem.

199 1391 234 1438 2.
284 1375 418 1438 Paucos
433 1369 640 1453 inuenimus,
658 1371 716 1455 qui
732 1373 829 1439 dotes
846 1373 888 1437 ad
904 1374 993 1448 hanc
1015 1373 1209 1444 missionem
1233 1399 1354 1447 neces·

132 1461 240 1528 sarias
256 1463 418 1539 habeant,
437 1470 557 1544 vtpote
575 1460 761 1525 doctrinam
778 1459 945 1527 eiusmodi
961 1463 1256 1533 concionatoribus
1272 1489 1356 1533 con-

132 1550 343 1630 uenientem;
363 1548 505 1633 gratiam
523 1559 557 1614 et
573 1549 809 1616 dexteritatem
831 1549 865 1613 in
888 1553 1135 1635 conuersand03
1161 1555 1299 1640 spiritus
1322 1567 1359 1622 et

132 1661 266 1704 morum
285 1636 490 1724 grauitatem
504 1637 558 1702 his
571 1637 781 1722 temporibus
793 1649 827 1706 et
840 1638 923 1703 locis
935 1653 1193 1726 congruentem;
1209 1654 1243 1711 et
1255 1665 1356 1729 prae-

132 1737 240 1807 terea,
259 1747 347 1810 quae
368 1727 459 1812 apud
480 1747 662 1812 germanos
678 1726 858 1811 plurimum
883 1728 984 1807 valet,
1011 1728 1191 1813 eloquendi
1215 1743 1249 1800 et
1272 1754 1355 1799 con-

133 1815 294 1882 cionandi
313 1825 463 1900 paratam
482 1815 688 1882 facultatem.
709 1817 821 1895 Vnde,
844 1815 902 1900 qui
926 1816 1115 1883 mediocres
1137 1841 1213 1887 esse
1233 1833 1357 1888 notan-

135 1918 190 1970 tur
211 1905 246 1971 in
267 1905 437 1989 catalogo,
460 1904 631 1989 plerisque
658 1903 694 1967 in
721 1904 816 1983 lociS,
842 1905 885 1969 ad
909 1927 996 1989 quae
1019 1905 1209 1988 mittentur,
1235 1931 1357 1994 parum

134 1995 224 2078 grati
240 2004 276 2060 et
291 1993 391 2058 vtiles
407 1992 478 2058 fore
493 1992 664 2058 videntur.

203 2101 235 2167 3.
284 2081 354 2166 Qui
371 2091 452 2147 sunt
474 2103 516 2148 ex
537 2079 590 2146 his
610 2079 708 2165 primi
724 2079 851 2146 ordinis
867 2090 902 2148 et
917 2079 1055 2166 reliquis
1078 2085 1354 2167 praestantiores

134 2172 220 2238 adeo
236 2169 419 2237 necessarii
435 2169 594 2234 videntur
609 2169 644 2234 in
661 2169 833 2252 prouincia
850 2178 885 2238 et
901 2170 1066 2256 collegiis,
1086 2170 1119 2238 in
1136 2173 1259 2256 quibus
1271 2196 1355 2243 con-

133 2258 315 2326 cionantur
330 2269 389 2324 aut
405 2259 608 2344 profitentur
623 2257 802 2336 ordinarie,
820 2269 857 2322 vt
873 2258 937 2323 illis
954 2259 1055 2326 etiam
1072 2263 1115 2325 ad
1135 2262 1242 2329 breue
1265 2273 1350 2330 tem-

131 2369 198 2432 pus
225 2369 354 2426 carere,
384 2369 546 2428 magnum
574 2357 608 2412 et
636 2347 808 2430 publicum
836 2346 1077 2414 detrimentum
1100 2352 1202 2416 rebus
1227 2351 1356 2418 nostris

133 2437 264 2504 afferat.
283 2437 355 2502 Nec
372 2437 430 2501 fiet
446 2436 541 2514 illud,
564 2444 602 2500 vt
621 2435 792 2516 timemus,
815 2435 888 2500 sine
909 2445 1129 2520 patronorum
1150 2441 1352 2523 offensione,

132 2525 191 2610 qui
207 2525 306 2592 facile
322 2525 421 2590 nobis
441 2523 612 2604 obiicient,
636 2545 762 2591 senon
785 2523 898 2589 minus
924 2524 958 2589 in
982 2526 1035 2592 his
1058 2527 1128 2592 suis
1152 2527 1349 2608 ditionibus

132 2635 234 2698 quam
252 2613 335 2679 alios
350 2613 386 2678 in
402 2613 476 2679 aliis
493 2611 688 2697 prouinciis,
707 2611 860 2677 laborare
871 2612 1014 2697 penuria
1027 2615 1303 2684 concionatorum
1317 2629 1353 2684 et

133 2705 376 2787 professorum.
401 2704 471 2768 Imo
492 2701 657 2766 eiusmodi
677 2700 810 2786 patroni
832 2703 895 2766 hac
917 2702 1095 2771 occasione
1115 2705 1248 2787 irritati,
1272 2729 1351 2793 per-

133 2804 219 2876 gent
235 2791 356 2876 magis,
374 2801 412 2854 vt
428 2800 627 2874 coeperunt,
645 2811 780 2874 Vrgere,
798 2799 836 2854 vt
851 2791 971 2856 demus
988 2789 1068 2875 ipsis
1084 2793 1196 2860 varios
1212 2796 1351 2861 concio-

133 2893 270 2947 natores
285 2881 327 2945 ad
344 2901 414 2946 rem
431 2878 630 2945 catholicam
647 2877 682 2942 in
702 2877 773 2944 suis
796 2878 999 2962 quibusdam
1023 2882 1178 2966 collapsis
1199 2885 1352 2952 ecclesiis

133 2969 391 3036 restituendam.

200 3077 233 3139 4.
283 3055 499 3141 Experientia
515 3057 618 3123 docet
634 3053 691 3119 vix
706 3055 810 3119 vllum
827 3053 995 3121 nouitium
1012 3078 1053 3123 ex
1069 3061 1242 3142 germanis
1258 3064 1352 3127 adul·

133 3145 175 3212 tis
191 3146 227 3211 in
244 3146 297 3211 his
313 3145 395 3211 locis
411 3145 454 3212 ad
470 3155 624 3211 nostrum
640 3145 803 3208 accedere
823 3141 1027 3210 institutum.
1052 3147 1163 3227 Vnde,
1187 3172 1255 3215 non
1278 3150 1353 3216 sine

132 3235 266 3321 magnis
283 3233 486 3319 sumptibus,
505 3232 640 3327 aliunde
656 3231 812 3316 cogimur
829 3245 944 3316 petere
959 3244 994 3298 et
1009 3233 1163 3318 accipere
1181 3239 1351 3321 professo-

131 3346 197 3404 res,
216 3323 274 3408 qui
291 3324 402 3388 adhuc
418 3321 502 3388 satis
518 3342 593 3390 esse
609 3343 676 3385 non
694 3330 847 3404 possunt:
867 3343 978 3406 eoque
994 3322 1165 3389 difficilius
1176 3325 1240 3391 erit
1251 3325 1351 3392 inue-

131 3412 216 3490 nire,
234 3433 321 3496 quos
337 3411 583 3478 substituamus
599 3409 805 3475 abeuntibus
822 3409 992 3489 PatribuS,
1008 3410 1066 3495 qui
1078 3413 1299 3498 plaerumque
1316 3416 1350 3482 in

130 3501 255 3568 scholis
271 3500 396 3565 nostris
411 3501 510 3565 valde
526 3509 607 3564 sunt
622 3497 789 3582 occupati.

199 3606 230 3673 5.
280 3589 352 3655 Etsi
369 3590 550 3674 probamus
570 3586 659 3671 piam
681 3587 733 3652 Pii
754 3585 923 3672 pontificis
947 3598 1107 3668 mentem,
1134 3589 1191 3672 qui
1216 3601 1354 3658 nostros

132 3677 177 3744 ita
193 3677 289 3762 cupit
305 3679 339 3743 in
355 3699 499 3745 messem
516 3675 743 3760 germanicam
762 3676 954 3755 extrudere
970 3685 1082 3742 tamen
1098 3679 1294 3745 dubitamus
1306 3703 1351 3746 an

132 3768 260 3834 Romae
276 3767 358 3834 satis
373 3766 543 3851 cognitam
561 3766 708 3830 habeant
721 3764 927 3831 Germaniae
939 3767 1232 3847 consuetudinem,
1250 3790 1351 3854 quam

131 3877 194 3922 nos
217 3855 252 3920 in
272 3856 345 3923 dies
367 3853 569 3939 experimur.
593 3856 677 3932 Nos,
702 3854 798 3918 saluo
822 3874 955 3938 semper
978 3854 1189 3924 obedientiae
1213 3869 1353 3925 sanctae

131 3946 304 4014 mandato,
323 3943 406 4009 illud
423 3945 494 4010 fore
510 3942 742 4026 prouidemuS,
760 3953 798 4006 vt
813 3941 907 4008 missi
923 3965 942 4009 e
962 3943 1086 4010 nostris
1106 3945 1243 4028 quidam
1265 3968 1351 4013 con-

131 4034 335 4111 cionatores,
354 4032 469 4097 multis
484 4030 585 4098 etiam
603 4030 777 4098 mensibus
793 4031 893 4096 fidem
911 4041 927 4072 ⁸
946 4041 981 4096 et
997 4033 1237 4099 authoritatem
1259 4038 1350 4120 apud

131 4123 308 4207 populum,
322 4122 420 4188 valde
432 4141 525 4187 nunc
541 4119 737 4186 seditiosum
755 4129 789 4183 et
801 4121 1020 4204 plaerumque
1033 4123 1157 4188 nostris
1172 4122 1352 4205 infestum,

130 4211 194 4278 sibi
210 4223 245 4278 et
260 4210 436 4277 doctrinae
456 4208 644 4275 catholicae
664 4208 843 4274 conciliare
864 4230 932 4274 non
957 4209 1097 4291 possint.
1124 4212 1258 4279 Deinde
1280 4235 1350 4280 non

129 4300 266 4368 dabitur
281 4299 346 4365 illis
362 4297 586 4365 concionandi
602 4297 698 4362 locus
713 4308 748 4363 et
765 4306 910 4382 tempuS,
929 4295 993 4363 nisi
1011 4299 1105 4364 festis
1122 4310 1252 4365 tantum
1275 4302 1350 4368 die·

128 4389 193 4455 bus
209 4388 244 4454 in
261 4386 416 4454 ecclesia.
438 4389 488 4469 3.⁰
504 4385 733 4470 Impedientur
750 4395 948 4470 magnatum
966 4388 1182 4468 authoritate,
1201 4389 1258 4474 qui
1272 4411 1350 4474 pas-

127 4479 190 4543 sim
207 4477 333 4564 populo
350 4475 549 4560 religionem
566 4485 743 4558 vtramque
759 4475 899 4542 liberam
917 4475 1124 4560 relinquunt,
1148 4498 1216 4563 quo
1237 4479 1352 4547 minus

127 4619 339 4630 ..μ-η--ιο-ι-

179 4695 196 4728 fl
224 4681 364 4755 Sequitur
376 4681 433 4737 sibi
445 4682 483 4736 ab
496 4679 560 4753 ipso
572 4679 765 4751 Theodorico,
778 4685 811 4734 ut
823 4677 951 4750 videtur,
965 4681 1164 4739 obliteratum.
