3322 5370
433 495 487 567 356
817 497 923 550 Emer.
943 492 976 548 P.
997 491 1202 564 Nauna-459

394 651 433 718 di
448 648 528 736 quel
542 648 647 714 buon'
665 648 775 714 Padre
794 644 982 714 Boccaccio
1000 643 1022 725 ¹,
1040 642 1076 708 di
1091 645 1235 710 scorrer'
1252 643 1297 724 la,
1315 654 1350 712 et
1362 630 1502 712 intendo
1518 646 1578 714 che
1593 655 1609 688 ⁸

398 765 427 833 si
442 765 567 832 mando
582 774 688 850 gente
707 784 810 831 senza
833 759 952 827 ordine
972 758 1006 824 di
1030 757 1166 842 nisuno;
1192 758 1216 824 il
1239 761 1303 826 che
1325 759 1451 846 meglio
1474 763 1569 845 sapri
1587 761 1606 826 il

398 885 438 950 P.
457 879 631 947 Euerardo
652 879 677 944 ¹.
700 877 747 944 Di
766 876 825 964 piri
845 886 937 942 temo
959 877 1024 940 che
1045 872 1070 938 il
1093 895 1130 942 re
1154 872 1313 961 Philippo
1334 895 1404 942 non
1427 875 1521 961 uogli
1543 877 1608 943 fare

396 995 492 1063 molti
507 993 655 1080 collegij;
673 1014 730 1059 ma
744 1000 866 1076 questo
882 989 984 1057 estin
1000 989 1101 1070 diam,
1117 999 1152 1057 et
1167 988 1197 1055 si
1217 1000 1337 1074 questo
1357 990 1459 1056 vuole
1481 993 1562 1070 fare,
1583 990 1604 1054 li

394 1121 575 1199 puotremo
589 1109 662 1177 dire
677 1109 741 1175 che
760 1109 805 1175 ha
826 1105 870 1172 da
892 1104 1084 1172 consentire
1110 1106 1174 1172 che
1196 1103 1371 1191 venghino
1393 1103 1547 1192 suggetti
1566 1106 1603 1170 da

394 1223 559 1312 Spegnia,
576 1221 694 1309 quanti
714 1243 837 1290 sarano
864 1221 900 1287 di
927 1218 1092 1305 bisognio.
1114 1220 1288 1301 Breuiter,
1315 1225 1484 1308 uteunque
1509 1223 1561 1300 sit,
1583 1219 1603 1284 il

394 1341 542 1428 Signore
556 1361 617 1426 per
632 1359 695 1405 sua
710 1339 815 1404 bontd
830 1335 962 1404 infinita
978 1335 1120 1402 aiutara.

460 1475 493 1540 4.
542 1453 590 1522 Mi
606 1455 626 1521 e
642 1474 795 1532 occorso,
814 1452 937 1532 Padre,
954 1473 1002 1516 vn
1018 1450 1159 1538 negotio
1180 1451 1249 1518 co'l
1262 1451 1388 1518 dottor'
1408 1451 1515 1519 Paiua
1534 1455 1557 1532 ⁸,
1578 1453 1604 1518 al

394 1572 495 1658 quale
510 1592 549 1636 so
564 1590 624 1655 per
639 1568 760 1636 lettera
775 1567 830 1635 del
850 1567 975 1632 fattore
989 1566 1045 1632 del
1062 1588 1099 1634 re
1114 1566 1158 1634 de
1174 1566 1373 1652 Portugallo
1388 1566 1424 1632 in
1444 1569 1605 1646 Anuersa,

392 1689 458 1756 che
474 1687 597 1752 surono
613 1681 762 1751 mandati
777 1681 801 1748 li
816 1679 893 1748 libri
909 1681 952 1748 de
972 1681 1147 1748 Kemnisio
1162 1703 1222 1768 per
1242 1683 1275 1748 la
1290 1691 1401 1767 posta,
1419 1683 1479 1748 hoc
1500 1688 1556 1764 est,
1576 1683 1602 1748 al

391 1801 563 1868 cardinale
578 1799 720 1879 infante,
735 1796 830 1864 accio
845 1796 895 1884 gli
908 1795 932 1861 li
947 1797 1041 1864 dese.
1057 1799 1101 1862 Et
1111 1799 1237 1881 perche
1248 1796 1352 1882 quelli
1364 1798 1443 1864 fano
1455 1797 1602 1885 grandis-

391 1916 478 1984 simo
494 1917 581 1982 male
597 1913 632 1979 in
648 1911 844 1992 Germania,
861 1932 959 1979 come
971 1909 1122 1992 intendo,
1136 1922 1172 1978 et
1186 1911 1295 1981 intese
1307 1912 1363 1978 all'
1378 1915 1462 1979 hora
1473 1915 1603 1998 quando

391 2031 415 2098 li
430 2030 578 2110 mandai,
596 2029 630 2095 io
645 2028 723 2095 dete
738 2025 857 2093 ordine
868 2027 901 2093 al
912 2027 956 2094 D.
972 2025 1063 2106 Pisa,
1081 2028 1146 2094 che
1162 2027 1274 2095 facese
1289 2048 1356 2095 vna
1367 2048 1447 2095 cosa
1457 2029 1560 2097 breue
1569 2041 1598 2098 et

290 2123 291 2126 Ἴ
390 2156 518 2234 presto,
533 2145 634 2230 quale
645 2143 674 2210 si
686 2152 828 2229 puotese
839 2152 1020 2230 stampare,
1035 2141 1131 2225 quasi
1146 2164 1193 2208 vn
1208 2142 1225 2184 b
1243 2144 1431 2229 prodomon
1451 2154 1478 2224 ⁶,
1495 2165 1517 2210 o
1531 2165 1599 2230 pre-

390 2281 542 2340 cursore,
560 2260 616 2328 del
630 2258 717 2325 libro
733 2257 863 2344 grande
879 2260 943 2326 che
959 2257 1030 2324 farai
1046 2259 1176 2343 Payua.
1190 2258 1324 2342 Questo
1339 2259 1412 2326 fece
1427 2260 1450 2325 il
1467 2262 1512 2327 D.
1531 2259 1600 2327 Pisa

390 2375 508 2444 auanti
523 2378 587 2442 che
602 2374 636 2442 io
651 2373 768 2440 andasi
785 2372 821 2438 in
837 2370 989 2453 Austria‚
1007 2382 1042 2439 et
1062 2371 1108 2438 mi
1123 2371 1267 2459 piaeque
1281 2373 1381 2440 assai.
1404 2375 1534 2442 Lasciai
1551 2396 1599 2442 or-

390 2490 471 2558 dine
482 2513 502 2556 a
514 2491 615 2557 Mtro.
631 2487 769 2556 Canisio
780 2490 845 2554 che
856 2508 922 2553 con
934 2486 1017 2574 ogni
1028 2487 1199 2574 diligenza
1214 2488 1247 2554 lo
1262 2489 1400 2569 vedese,
1414 2501 1448 2557 et
1463 2490 1595 2569 aiutase,

390 2605 550 2674 aceioche
566 2604 644 2690 quel
659 2603 782 2671 libreto
798 2601 827 2668 si
842 2612 984 2688 puotese
1000 2612 1179 2687 stampare.
1194 2605 1261 2670 Per
1276 2603 1503 2689 occupationi,
1515 2625 1600 2690 oper

389 2721 423 2787 la
439 2731 561 2788 natura
576 2741 652 2802 sua,
669 2719 734 2786 che
750 2717 784 2783 in
800 2728 921 2803 queste
941 2737 1020 2784 cose
1040 2717 1060 2784 e
1084 2718 1180 2784 tarda
1203 2730 1239 2787 et
1258 2719 1363 2786 molto
1383 2719 1595 2796 considerata,

388 2857 458 2902 non
474 2835 507 2901 lo
523 2835 608 2916 sece3
626 2844 661 2900 et
677 2831 769 2919 dipoi
784 2834 849 2901 che
868 2831 1020 2914 ritomai,
1037 2834 1083 2899 ho
1100 2841 1234 2900 trouato
1254 2835 1318 2902 che
1337 2855 1407 2901 non
1430 2838 1474 2902 ha
1496 2834 1598 2902 animo

388 2949 423 3016 di
439 2949 563 3035 quello.
582 2949 627 3016 Di
642 2947 743 3015 modo
759 2950 824 3016 che
834 2969 904 3013 non
915 2949 1062 3013 hauemo
1077 2946 1220 3018 rimedio
1231 2950 1265 3015 d'
1279 2949 1476 3019 acconciare
1487 2959 1599 3036 questo

386 3064 520 3144 libreto‚
538 3073 573 3130 et
590 3087 609 3131 a
625 3066 728 3130 Mtro.
748 3061 886 3131 Canisio
905 3083 975 3128 non
989 3061 1100 3148 piace.
1124 3064 1169 3129 Et
1187 3085 1257 3130 non
1279 3065 1436 3132 hauendo
1452 3065 1595 3144 rimedio,

387 3191 423 3248 et
439 3180 587 3246 uolendo
604 3179 724 3246 aiutar'
742 3199 762 3245 a
778 3189 898 3263 questa
918 3177 1098 3258 necessita,
1116 3179 1235 3264 pensai
1250 3180 1410 3247 mandare
1425 3192 1544 3266 questo
1560 3179 1597 3244 li-

386 3295 496 3376 bret0,
515 3315 618 3361 senza
634 3291 706 3360 dire
721 3293 746 3358 l’
763 3302 894 3390 autore,
918 3293 949 3358 al
968 3294 1030 3359 Dr.
1056 3294 1186 3379 Payua‚
1211 3296 1454 3362 exhortandolo
1473 3300 1535 3365 che
1555 3293 1595 3360 lui

386 3410 521 3500 pigliasi
535 3419 657 3495 questo
669 3407 819 3488 libretto,
833 3417 918 3475 etse
933 3428 977 3474 ne
993 3407 1113 3475 seruisi
1127 3409 1162 3473 di
1173 3410 1286 3494 quello
1297 3413 1361 3479 che
1373 3410 1396 3476 li
1409 3412 1593 3497 parerebbe,

386 3538 422 3596 et
438 3525 541 3593 facesi
557 3545 605 3590 un
621 3523 807 3610 prodomon
827 3523 944 3602 breue,
963 3522 999 3587 in
1015 3533 1110 3589 tanto
1130 3526 1195 3592 che
1216 3525 1249 3591 la
1271 3547 1332 3592 sua
1356 3548 1459 3612 opera
1477 3527 1596 3613 grande

385 3641 498 3709 uscire
514 3641 622 3719 suora,
637 3639 666 3705 si
677 3659 774 3704 come
786 3638 860 3704 fece
872 3637 1038 3724 Staphilo‚
1054 3641 1292 3726 respondendo
1307 3663 1326 3707 a
1340 3639 1398 3707 vn'
1411 3641 1555 3711 heretico
1569 3641 1590 3704 ⁴.

386 3755 568 3825 Pensando
580 3762 715 3839 questo,
734 3774 793 3838 per
808 3752 832 3818 li
848 3753 985 3819 tumulti
1005 3753 1040 3820 di
1056 3754 1202 3822 Fiandra
1222 3777 1292 3822 non
1311 3759 1355 3822 ho
1375 3758 1494 3824 uoluto
1516 3755 1592 3824 scri·

438 3934 454 3968 ·
481 3921 499 3977 3
510 3923 602 3977 verba
613 3937 696 3992 seqq.
707 3919 820 3975 Natalis
834 3937 921 3975 manu
933 3937 1020 3992 supra
1032 3937 1110 3977 vers.
1122 3920 1221 3978 addite
1234 3925 1371 3979 sunt.-b
1382 3925 1447 3980 Hoc
1460 3926 1537 3982 verb.
1550 3939 1591 3978 su·

383 4027 436 4086 pra
447 4027 526 4067 vers.
537 4008 649 4064 addidit
661 4009 785 4064 libr.-c
797 4007 856 4066 Sic.
868 4025 921 4081 pro
930 4011 1127 4081 prodromon,
1140 4009 1189 4066 hle
1202 4019 1232 4066 et
1244 4011 1378 4068 inferius.

439 4165 448 4197 ¹
485 4159 618 4216 Andreas
632 4159 796 4216 Boccatius.
810 4159 881 4232 Ejus
894 4177 1019 4216 examen
1031 4163 1123 4218 habes
1136 4161 1167 4217 in
1180 4163 1278 4235 Epist.
1290 4163 1457 4236 Nataz.,11‚
1468 4162 1528 4235 536,
1537 4160 1592 4231 537·

435 4253 448 4284 ⁸
485 4247 696 4317 Mercurianus‚
709 4247 851 4303 assistens
865 4247 1053 4304 Germaniae.
1118 4247 1121 4258 '

435 4335 447 4371 ¹
484 4336 613 4393 Didacus
630 4335 721 4392 Pelva
737 4335 918 4407 d’Andrada
936 4335 973 4392 de
990 4355 1048 4410 quo
1066 4338 1185 4411 saepius
1201 4338 1311 4396 dictum
1333 4349 1392 4396 est.
1415 4341 1491 4398 Vide
1508 4356 1592 4412 supra,

384 4441 442 4499 1²²8
449 4467 456 4481 ·
476 4437 541 4496 191.

434 4516 447 4550 ⁸
483 4513 624 4570 Frideriei
641 4511 766 4585 Staphili
783 4530 868 4585 opus,
881 4513 929 4569 hic
942 4523 1211 4589 commemoratum,
1231 4524 1276 4574 est
1289 4519 1496 4575 «Prodromus
1507 4520 1534 4575 in
1548 4515 1592 4571 de·

380 4601 545 4660 sensionem
566 4602 718 4674 apologiae
738 4601 880 4658 adversus
907 4603 937 4674 J.
965 4603 1174 4676 Smidelinum,
1196 4606 1306 4663 ibidem
1328 4607 1490 4680 [Coloniae]
1514 4607 1588 4677 1562»

379 4690 477 4746 editus
490 4691 637 4759 Hunrssn,
650 4689 863 4746 Nomenclator
875 4691 1045 4758 literarius,
1060 4693 1083 4766 1,
1097 4693 1127 4751 8.
