3482 5386
704 469 869 526 Αιιιιιιιιιιι
963 467 965 472 ’
1042 517 1046 530 ,

712 620 788 687 LVI
804 616 863 686 (bis

576 743 826 802 sTANISLAUs
845 742 992 802 Hostus

419 884 570 930 PATRI
607 881 793 944 JOANNI
829 882 887 928 DE
923 881 1152 929 POLANCO

452 996 691 1083 Heilsbergae,
710 1015 748 1079 13
761 993 972 1080 Septembris
988 995 1071 1079 1567
1091 997 1113 1061 ‘.

403 1131 440 1184 P.
460 1129 629 1184 Hearicum
648 1127 829 1199 Dionysium
846 1126 904 1181 sibi
922 1126 1003 1182 mitti
1017 1127 1163 1200 postulat.

222 1247 270 1314 S.
295 1247 336 1313 P.
356 1247 512 1331 QuodP.
531 1247 575 1312 V.
582 1266 695 1328 quae
711 1242 1047 1326 scnbunturame
1038 1266 1074 1309 ιιι
1086 1241 1247 1330 opt1mam
1260 1255 1391 1330 partem

140 1332 431 1420 interpretatur,
465 1333 529 1402 etsi
558 1354 733 1418 nunquam
761 1331 852 1398 aliud
883 1331 964 1397 mihi
995 1332 1040 1400 de
1070 1341 1189 1400 sancta
1219 1332 1391 1401 Societate

138 1435 282 1491 vestra
299 1422 558 1508 persuadebam,
575 1433 711 1522 gratum
729 1431 841 1488 tamen
858 1420 923 1486 fuit
939 1420 1041 1488 etiam
1057 1441 1100 1488 ex
1120 1419 1210 1486 illius
1234 1420 1339 1488 literis
1356 1421 1391 1488 id

138 1531 388 1597 cognoscere.
418 1513 479 1578 Est
505 1510 643 1595 quidem
669 1509 728 1589 ita,
758 1509 849 1594 quod
875 1519 1029 1576 sanctam
1061 1509 1268 1579 Societatem
1297 1511 1389 1577 hanc

138 1610 302 1667 auctam
319 1611 354 1668 et
374 1599 631 1685 multiplicatam
652 1597 778 1700 vbique
794 1597 947 1664 locorum
969 1597 1082 1683 cupio,
1105 1599 1165 1665 sed
1192 1600 1322 1701 absque
1338 1610 1391 1666 ta-

142 1709 237 1755 men
253 1689 462 1756 detrimento
478 1687 613 1773 collegii
630 1687 736 1753 nostri
756 1687 1081 1788 braunspergensiS,
1099 1709 1177 1753 cum
1203 1709 1272 1754 non
1288 1687 1391 1772 igno-

142 1785 205 1844 ret
226 1780 277 1844 P.
297 1779 356 1856 V.,
379 1778 472 1862 quod
498 1776 653 1843 ordinata
679 1773 825 1842 charitas
852 1775 970 1860 incipit
992 1798 1012 1842 a
1034 1775 1158 1861 seipso.
1189 1776 1293 1860 Quod
1308 1799 1390 1843 vero

146 1865 292 1934 attinet
303 1867 348 1935 ad
360 1868 399 1932 Ρ.
415 1863 604 1934 Henricum
617 1863 831 1949 Dionysium,
845 1886 922 1930 eum
936 1863 1008 1930 iure
1021 1886 1097 1932 meo
1110 1863 1290 1931 vendicare
1305 1862 1390 1930 mihi

148 1953 300 2034 videor,
318 1953 590 2039 quandoquidem
607 1953 713 2021 semel
729 1954 771 2019 ab
787 1955 852 2018 hac
873 1965 991 2019 sancta
1011 1951 1184 2022 Societate
1205 1951 1287 2020 mihi
1309 1975 1391 2039 pro-

150 2042 295 2110 missus
311 2043 387 2124 fuit,
393 2041 398 2052 '
416 2043 514 2109 cuius
541 2044 683 2110 verbum
699 2063 768 2108 non
793 2040 913 2107 dubito
939 2041 1021 2126 quin
1037 2041 1092 2106 sit:
1112 2052 1176 2120 est,
1202 2051 1265 2109 est.
1285 2043 1389 2126 Quod

149 2143 284 2198 autem
299 2131 421 2197 iterum
437 2131 666 2199 valetudinem
682 2142 852 2209 causatur,
870 2152 900 2196 si
891 2129 997 2194 mihi
1013 2129 1168 2209 liceret,
1159 2151 1231 2216 ipse
1251 2152 1388 2216 quoque

151 2219 316 2288 dicerem
334 2223 375 2287 Ρ.
394 2223 548 2288 Vestrae:
567 2219 719 2286 Modicae
709 2219 825 2308 fidei,
839 2240 945 2302 quare
961 2217 1138 2284 dubitasti?
1148 2219 1160 2249 ²
1178 2219 1299 2285 Nvllus
1312 2241 1387 2288 esse

150 2319 281 2393 potest
297 2309 393 2376 locus
408 2308 615 2375 commodior
642 2297 731 2374 illius
758 2307 943 2372 valetudini
959 2308 1107 2375 tuendae
1122 2316 1156 2373 et
1176 2327 1387 2376 conseruan-

149 2397 238 2477 dae,
259 2397 422 2481 quamsit
440 2401 692 2498 Braupsperga,
711 2415 778 2480 quo
798 2406 1017 2481 posteaquam
1039 2405 1219 2476 venerunt,
1237 2417 1296 2481 qur
1287 2396 1386 2463 '-lan

150 2487 320 2571 guebant
347 2485 440 2564 alibi,
466 2485 579 2552 statim
596 2506 668 2550 saru
660 2482 764 2550 facti
780 2494 872 2562 sunt,
891 2494 926 2549 et
942 2505 1002 2584 per
1018 2483 1082 2550 Dei
1103 2483 1246 2570 gratiam
1263 2486 1385 2551 fruun-

150 2585 214 2640 tur
230 2597 354 2642 omnes
370 2577 459 2640 bona
480 2573 684 2642 valetudine.
704 2574 961 2673 Quamobrem,
968 2594 997 2637 si
989 2571 1119 2638 uultis
1139 2571 1229 2638 illius
1250 2571 1384 2639 incolu-

151 2663 275 2730 mitati
290 2674 520 2749 prospectum,
538 2665 606 2728 huc
622 2683 699 2730 eum
713 2660 848 2741 mittite,
872 2660 1030 2762 precipue
1046 2662 1110 2728 sub
1133 2683 1274 2729 vernum
1297 2671 1384 2730 tem-

151 2773 239 2837 puS,
261 2754 365 2819 acR.
391 2756 429 2817 Ρ.
456 2750 580 2831 Natali,
603 2772 647 2817 ne
673 2771 772 2816 secus
800 2748 912 2828 faciat,
942 2749 1030 2816 serio
1056 2750 1226 2818 mandate.
1251 2752 1382 2817 Nam
1355 2773 1384 2818 s1

154 2841 366 2927 scripseritis
381 2851 418 2905 vt
434 2841 547 2908 videat
563 2862 645 2940 num
661 2837 768 2940 possit
783 2837 962 2923 proficisci,
977 2838 1249 2923 quandoquidem
1267 2839 1383 2908 nescio

155 2951 231 3012 qua
249 2931 294 2997 de
308 2951 412 2996 causa
427 2928 509 2994 mihi
525 2937 577 2994 est
588 2926 746 3028 iniquior,
764 2939 798 2994 et
814 2927 958 3012 spoliare
974 2950 1027 2995 me
1044 2948 1146 3012 quam
1161 2949 1290 3014 augere
1307 2951 1381 2995 ma-

156 3019 253 3096 uult,
271 3018 370 3086 facile
386 3017 537 3102 negabit.
557 3017 638 3094 Sed,
656 3015 783 3100 siquid
799 3037 873 3081 esse
889 3025 986 3116 putat
1002 3017 1045 3082 ab
1061 3019 1195 3101 hyeme,
1215 3039 1381 3101 quaeram

154 3104 280 3187 instat,
298 3106 451 3192 periculi,
470 3105 593 3190 poterit
607 3105 680 3171 eius
701 3104 895 3189 profectio
887 3125 921 3168 m
942 3105 1131 3188 proximum
1153 3127 1213 3174 ver
1232 3105 1377 3174 differri.

155 3195 274 3263 Simul
290 3206 405 3262 autem
422 3205 459 3259 vt
475 3195 503 3260 is
519 3193 662 3272 venerit,
680 3192 824 3258 libenter
839 3192 969 3258 mittam
986 3195 1026 3258 P.
1048 3197 1187 3260 Petrum
1204 3195 1229 3272 ³,
1248 3203 1382 3260 vtcum-

154 3303 228 3367 que
246 3283 441 3351 mirabiliter
453 3282 508 3348 hic
524 3292 656 3349 ametur
671 3283 713 3346 ab
730 3281 899 3362 omnibus,
918 3280 1018 3350 etiam
1035 3301 1114 3348 cum
1130 3281 1243 3366 aliquo
1259 3305 1301 3349 ex
1318 3283 1382 3348 mi-

154 3373 315 3438 noribus.
339 3373 426 3438 Nam
447 3372 539 3456 quod
558 3372 602 3437 ad
622 3373 663 3436 Ρ.
687 3371 892 3436 Baltasarem
909 3370 921 3401 ⁴
937 3371 1070 3449 attinet,
1088 3369 1220 3436 suntin
1237 3391 1278 3436 eo
1295 3392 1383 3454 quo-

156 3481 228 3544 que
244 3461 310 3529 Dei
325 3461 415 3527 dona
434 3482 503 3526 non
524 3481 644 3545 pauca,
662 3469 799 3543 propter
819 3478 908 3542 quae
927 3458 1051 3523 nollem
1074 3479 1115 3524 eo
1134 3479 1262 3538 carere,
1280 3481 1381 3544 prae-

155 3548 261 3635 cipue
288 3570 383 3627 cum,
412 3549 470 3632 qui
497 3569 621 3634 graeca
648 3547 862 3631 profiteatur,
891 3546 1022 3612 nullum
1050 3547 1153 3613 alium
1180 3548 1377 3614 habeamus.

157 3639 309 3706 Amatur
324 3651 358 3704 et
374 3637 403 3703 is
419 3661 439 3704 a
454 3658 509 3702 me
524 3659 592 3702 non
608 3635 806 3722 uulgariter.
825 3637 923 3719 Quae
940 3657 999 3719 per
1015 3635 1194 3703 Societatis
1214 3646 1381 3704 rectorem

158 3738 237 3795 aeta
252 3727 321 3793 sint
334 3726 511 3812 Elbingae,
531 3735 715 3811 cognoscet
731 3746 774 3792 ex
788 3723 894 3789 literis
917 3726 956 3791 Ρ.
980 3724 1163 3791 Francisci.
1184 3725 1284 3808 Quae
1300 3747 1381 3792 vero

159 3823 297 3884 mecum
310 3813 573 3881 communicauit
585 3816 628 3879 de
639 3811 810 3898 pontifice
826 3812 924 3880 valde
936 3811 1020 3878 mihi
1032 3825 1129 3899 grata
1143 3814 1292 3881 suerunt.
1307 3817 1381 3881 Do-

159 3905 275 3972 minus
303 3914 485 3970 conseruet
511 3924 603 3985 eum,
621 3913 655 3970 et
680 3899 831 3967 viuificet
858 3923 948 3969 eum.
979 3903 1082 3986 Quod
1109 3912 1277 3986 superest,
1299 3914 1381 3987 opto

159 3994 200 4062 P.
220 3995 311 4062 V.⁸¹¹¹
325 3994 413 4060 bene
430 3991 555 4074 valere,
567 3990 665 4058 cuius
680 4011 735 4056 me
751 3989 960 4056 orationibus
971 3999 1006 4056 et
1018 3989 1191 4057 sacrificiis
1203 4011 1379 4058 commen-

158 4082 215 4149 do.
237 4085 366 4150 Datum
385 4103 428 4147 ex
449 4091 561 4146 castro
581 4091 698 4146 nostro
718 4078 937 4165 Heilspergk,
972 4097 1009 4162 13
1027 4078 1248 4165 Septembris
1281 4081 1376 4164 1567.

159 4170 278 4238 Frater
293 4171 328 4236 in
349 4168 499 4249 Christo,

473 4258 712 4336 Sraursraus,
737 4274 953 4323 cauuruaurs
978 4276 1206 4324 vhuuruusrs.

211 4469 221 4501 ¹
259 4466 303 4520 Ex
313 4465 485 4534 archetypo,
498 4463 528 4516 in
543 4461 615 4518 Cod.
631 4461 677 4532 38,
690 4460 799 4532 duplici
812 4458 876 4530 fol,
889 4460 936 4516 181
952 4461 1038 4532 (476).
1051 4461 1126 4517 Vide
1139 4463 1264 4534 append.
1276 4462 1379 4532 XLVl;

157 4560 188 4608 et
200 4553 340 4626 epistolas
353 4551 395 4607 ibi
407 4551 522 4606 citatas.

210 4646 222 4678 ²
260 4643 400 4708 Mirum,
415 4640 494 4709 XIV,
508 4637 553 4696 31.
731 4641 743 4672 ³
780 4639 868 4695 Phae.
1048 4643 1060 4676 ⁴
1096 4639 1289 4698 Hostovinus.
