3318 5376
621 517 656 572 26
674 515 832 576 Ocroems
853 521 922 591 1566

727 671 819 733 m

489 769 529 834 P.
557 768 867 841 HIERONYMUS
891 773 1056 842 NADAL

412 871 597 932 SANCTO
616 874 877 935 FRANCISCO
901 877 958 934 DE
976 879 1122 953 BORJA

503 975 672 1035 uonscmr,
692 964 726 1019 26
746 977 902 1022 ocronrus
924 967 993 1037 1566
1014 971 1034 1025 ¹.

113 1061 368 1134 Responsianes
390 1061 497 1115 Patris
518 1060 622 1116 Nadal
642 1063 733 1118 datae
750 1064 877 1136 reginae
890 1065 1084 1139 Margaritae
1101 1072 1136 1128 de
1154 1053 1338 1143 confessario
1355 1079 1383 1130 et

646 1153 683 1206 de
696 1153 885 1210 muneribus.

196 1249 224 1338 ᾖ
253 1251 367 1334 Quae
382 1247 469 1314 dixit
486 1251 526 1315 Ρ.
552 1247 685 1316 Natalis
706 1259 722 1292 ²
741 1251 913 1319 secundae
933 1275 1099 1340 personae
1119 1258 1131 1289 ¹
1154 1259 1197 1324 26
1218 1259 1382 1328 Octobris

118 1363 324 1432 Monachii
344 1365 369 1429 ³.

199 1479 370 1547 Ptimum
389 1478 534 1566 agnouit
555 1479 668 1546 Patris
689 1490 723 1548 et
745 1481 886 1548 fratrum
908 1493 943 1548 et
963 1483 1069 1570 ipsius
1093 1487 1269 1570 beneficia,
1297 1502 1378 1572 ete,

118 1595 274 1682 gratias
287 1595 376 1682 egit,
391 1605 427 1661 et
438 1594 562 1661 obtulit
574 1594 755 1664 Societatis
767 1596 890 1678 officia,
904 1609 970 1667 etc.
981 1600 1115 1669 Deinde
1127 1603 1213 1669 dixit
1224 1605 1288 1672 sibi
1301 1628 1378 1692 gra·

121 1711 312 1778 tissimam
331 1709 438 1779 tuisse
454 1710 723 1797 responsionem,
742 1733 843 1796 quam
860 1712 934 1798 ipsa
956 1714 1096 1784 dederat
1112 1720 1159 1785 M.
1179 1720 1335 1788 Hermeti
1351 1722 1376 1803 ‘;

122 1849 175 1893 ex
197 1849 275 1912 qua
296 1825 467 1893 intellexit
484 1825 592 1912 ipsam
613 1828 756 1913 probare
778 1841 984 1914 quaegesta
1007 1842 1105 1897 erant
1126 1833 1312 1919 Oeniponti
1335 1838 1379 1904 de

124 1941 375 2010 confessariis
391 1941 580 2027 Respondit
591 1940 659 2023 illa,
673 1963 791 2010 senon
804 1943 958 2028 probare,
973 1947 1065 2030 quod
1078 1946 1146 2012 sint
1158 1949 1227 2015 duo
1240 1951 1376 2018 confes-

126 2059 233 2126 sarii.
251 2059 321 2126 Cui
333 2057 495 2144 respondi
510 2079 575 2124 nec
592 2078 646 2123 me
657 2057 739 2123 illud
752 2059 907 2143 probare3
922 2081 992 2125 non
1004 2063 1096 2145 quod
1108 2084 1177 2129 non
1193 2063 1236 2129 sit
1249 2065 1377 2133 bonum

127 2199 215 2242 esse
227 2177 332 2254 duos3
347 2175 409 2240 sed
418 2173 509 2258 quod
522 2172 642 2241 melius
651 2182 742 2242 esset
754 2195 859 2239 unum
872 2195 959 2256 esse,
974 2189 1009 2242 et
1021 2199 1084 2243 nos
1096 2177 1179 2243 illud
1191 2179 1316 2249 debere
1333 2204 1376 2248 ex

127 2292 312 2370 instituto,
328 2290 421 2374 quod
433 2289 556 2354 melius
567 2299 632 2368 est,
646 2290 790 2374 probare
805 2299 839 2358 et
855 2311 1048 2376 procurare.
1064 2293 1151 2358 Illud
1163 2313 1218 2360 me
1230 2315 1375 2362 consen-

127 2407 236 2488 sisse,
254 2417 292 2472 ut
309 2415 448 2492 gratum
462 2404 607 2470 facerem
623 2415 690 2470 tam
703 2404 830 2484 multis,
845 2405 903 2489 qui
919 2407 1010 2490 apud
1024 2429 1077 2475 me
1090 2407 1173 2474 illud
1185 2413 1374 2500 contende-

130 2536 213 2591 rent
231 2531 301 2590 etc.
322 2522 412 2588 Cum
431 2519 604 2588 uideretur
620 2539 753 2606 urgere,
770 2530 807 2585 ut
818 2520 937 2587 saltem
950 2521 993 2588 ad
1005 2521 1183 2588 dimidium
1198 2526 1253 2590 uel
1267 2547 1372 2593 unum

130 2659 267 2704 annum
285 2635 439 2704 redirent
454 2636 499 2702 ad
515 2657 634 2716 unum;
654 2635 824 2721 respondi,
842 2657 897 2702 me
913 2658 982 2702 non
995 2659 1097 2723 posse
1109 2637 1192 2705 illud
1204 2640 1369 2724 polliceri.

133 2753 246 2839 Quod
262 2751 389 2820 attinet
408 2753 451 2817 ad
472 2749 536 2816 tria
556 2749 613 2816 illa
633 2749 755 2835 capita:
782 2749 935 2817 Primum
951 2753 993 2818 de
1017 2752 1180 2818 crucifixo
1206 2755 1368 2840 pretioso,

135 2869 233 2954 quod
249 2867 490 2934 aestimaretur
506 2881 571 2950 500
590 2867 643 2932 uel
659 2885 726 2947 400
741 2865 923 2948 coronatis;
943 2858 994 2932 '2.⁰
1006 2867 1050 2934 de
1065 2867 1175 2948 donis,
1191 2891 1279 2954 quae
1293 2870 1374 2936 mit-

136 3001 211 3054 tere
227 2985 389 3050 solebant
405 2983 449 3047 ad
463 2981 608 3068 collegia
628 2992 757 3062 nostra,
775 2994 910 3067 praeter
932 2983 1098 3050 ferculum
1123 2996 1157 3048 et
1180 2985 1371 3052 subsidium

132 3101 355 3166 infirmorum
372 3119 435 3182 pro
450 3096 595 3182 collegio
615 3095 855 3181 oenipontano;
880 3097 928 3180 3.⁰
949 3119 992 3162 an
1014 3096 1049 3162 in
1069 3120 1185 3166 earum
1214 3101 1369 3186 peregri-

130 3215 337 3282 nationibus
353 3214 517 3281 deberent
533 3211 731 3280 confessarii
748 3211 823 3278 illas
837 3211 1002 3278 comitari:
1018 3214 1189 3298 respondi,
1205 3217 1248 3280 de
1260 3215 1300 3282 iis
1313 3239 1370 3284 re-

128 3333 198 3398 bus
215 3330 484 3416 exspectandam
502 3349 578 3396 esse
589 3327 793 3396 sententiam
808 3326 918 3393 Patris
934 3327 1116 3414 generalis,
1132 3330 1175 3394 ad
1187 3351 1289 3412 quem
1301 3330 1367 3396 iam

126 3449 171 3516 de
187 3445 259 3512 illis
276 3444 444 3530 scriptum
460 3453 523 3512 est.
544 3445 775 3510 Vehementer
793 3455 904 3509 tamen
922 3441 978 3510 illa
995 3443 1148 3528 negauit,
1165 3443 1250 3509 tanti
1266 3444 1369 3510 aesti-

125 3563 301 3629 mandum
329 3559 543 3628 crucifixum.
568 3561 750 3626 Praeterea
771 3557 930 3644 respondi
950 3559 993 3628 de
1017 3558 1237 3640 confessario,
1268 3581 1369 3645 quem

125 3679 185 3746 hic
204 3677 287 3744 uult
302 3677 444 3744 babere:
465 3697 543 3740 cum
565 3673 670 3740 sciam
692 3673 798 3760 ipsam
821 3675 918 3742 breui
939 3677 1168 3761 proiecturam
1192 3676 1369 3761 Oenipon-

125 3809 218 3875 tum,
238 3815 299 3861 me
320 3791 525 3874 concedere,
547 3804 586 3858 ut
610 3811 717 3856 unum
739 3813 759 3858 e
779 3791 904 3857 nostris
924 3793 992 3857 hoc
1015 3792 1090 3856 loco
1114 3791 1220 3876 possit
1243 3793 1369 3858 habere

122 3913 269 3978 interea
283 3906 544 3974 confessarium.
563 3909 616 3974 De
636 3905 743 3974 calice
759 3918 792 3974 et
809 3905 933 3992 pixide,
952 3906 1010 3972 ubi
1029 3906 1121 3974 uaria
1135 3906 1250 3973 altaris
1266 3929 1367 3974 orna-

176 4128 196 4160 ⁸
226 4129 245 4170 2
261 4113 358 4168 verbs
370 4129 456 4186 seqq.
474 4119 543 4167 sunt
556 4109 666 4166 librarii
681 4127 768 4165 manu
781 4109 902 4182 scripta.

172 4297 181 4328 ¹
223 4295 273 4349 Ex
297 4291 481 4364 apographo,
505 4289 621 4345 Natalis
641 4287 726 4361 jussu
750 4287 870 4360 scripto,
882 4296 914 4342 et
935 4289 973 4343 ab
992 4287 1056 4360 ipso
1074 4289 1195 4344 Romam
1215 4287 1316 4358 misso,
1334 4288 1364 4342 in

114 4387 226 4460 Epist.
248 4381 373 4448 Natat,
387 4381 426 4451 11,
439 4379 527 4435 unico
539 4378 610 4450 iol„
625 4390 676 4449 192
691 4377 781 4448 (146).

171 4479 184 4510 ²
226 4473 285 4528 Sc.
304 4469 427 4540 reginae
440 4469 630 4540 Margaritae.
648 4467 725 4522 Vide
740 4467 832 4539 epist.
846 4473 1031 4538 sequentem,
1041 4475 1072 4522 et
1084 4483 1182 4538 supra,
1195 4465 1284 4538 epist.
1299 4463 1363 4534 376,

114 4555 665 4634 n.3;390,n.8;439;et444,n.1.

172 4656 185 4688 ³
228 4651 293 4706 Hic
306 4649 413 4704 titulus
425 4647 467 4702 ita
479 4646 510 4702 in
523 4647 691 4718 apographo
704 4645 863 4717 reperitur.

169 4745 183 4776 ⁸
226 4741 267 4796 P.
288 4737 420 4794 Hermes
432 4735 601 4809 Halpawer,
614 4735 665 4808 qui
679 4734 855 4806 Margaritae
867 4753 884 4790 a
896 4733 1130 4791 confessionibus
1143 4742 1218 4790 erat.
