3482 5386
858 519 961 575 Eersr.
982 519 1016 575 P.
1037 518 1150 576 Neues

915 752 1091 820 LXXVIII

737 883 770 938 e.
793 881 998 940 eunomus
1017 881 1261 940 Possuvmus

651 1020 802 1068 PATRI
832 1019 1059 1068 nnrouto
1087 1002 1339 1068 urcunr‘sur

782 1136 924 1215 Romae,
947 1152 982 1200 11
1002 1133 1187 1218 Maji1574'
1207 1136 1229 1202 ¹.

667 1265 798 1322 Litterae
810 1267 1073 1322 commendatitiae
1082 1269 1140 1338 pro
1153 1267 1191 1322 P.
1205 1265 1322 1322 Natali.

448 1381 485 1452 Si
501 1385 541 1449 R.
563 1383 664 1450 Pater
681 1382 899 1470 prouincialis
914 1382 978 1452 erit
1004 1381 1120 1462 isthic,
1139 1383 1181 1449 T.
1204 1383 1246 1450 R.
1268 1401 1312 1448 ex
1331 1381 1451 1448 litteris
1466 1383 1508 1448 ad
1524 1401 1595 1447 eum

381 1493 402 1538 a
418 1472 459 1540 P.
478 1473 522 1540 N.
541 1471 694 1558 generali
714 1471 803 1539 datis
820 1469 918 1538 facile
940 1469 1109 1555 intelliget
1128 1480 1257 1554 quanto
1280 1469 1430 1536 omnium
1453 1480 1595 1536 uestrum

380 1561 472 1626 bono
490 1558 606 1626 ueniat
622 1561 665 1626 ad
682 1582 747 1627 uos
763 1562 805 1628 R.
823 1560 863 1627 Ρ.
882 1561 947 1628 Mt.
971 1557 1201 1644 Hieronymus
1222 1557 1366 1638 Natalis,
1385 1557 1552 1644 quibusue
1565 1559 1595 1622 in

380 1650 496 1730 rebuS,
514 1659 574 1714 aut
588 1648 647 1716 ille
664 1648 764 1714 uobis
776 1650 955 1714 commodo
975 1667 1050 1716 esse
1070 1645 1206 1733 poterit,
1229 1657 1289 1713 aut
1309 1669 1374 1714 uos
1394 1647 1484 1714 illius
1506 1669 1595 1716 sene·

378 1747 509 1803 ctutem
526 1745 561 1802 et
577 1735 742 1821 optimum
759 1739 896 1804 Patrem
923 1735 1043 1802 iuuare
1069 1735 1250 1805 debebitis.
1265 1737 1369 1820 Quod
1389 1746 1428 1802 ut
1450 1736 1520 1815 fiat,
1537 1736 1594 1800 erit

379 1835 575 1910 pergratum
586 1827 628 1893 R.
639 1826 679 1894 P.
692 1826 737 1894 N.
748 1825 911 1912 generali.
922 1823 996 1891 Nisi
1009 1846 1091 1892 uero
1102 1823 1204 1891 isthic
1217 1823 1284 1913 [sit]
1297 1826 1398 1892 Pater
1410 1823 1592 1909 prouincia-

379 1913 433 1994 Iis,
449 1913 573 1999 poterit
585 1915 626 1980 T.
642 1917 685 1983 R.
699 1915 841 1993 litteras,
856 1934 944 1998 quae
957 1915 999 1980 ad
1011 1935 1089 1981 eum
1101 1907 1297 1980 scribuntur
1312 1913 1497 1999 resignare,
1515 1933 1591 1996 quas

378 2003 485 2068 lectas
501 2002 708 2087 obsignabit,
726 2004 820 2069 etad
837 2003 972 2068 Patrem
989 2002 1230 2088 prouincialem
1251 2001 1375 2070 mittet.
1400 2003 1443 2067 Et
1458 2002 1545 2086 quod
1560 2001 1590 2064 in

378 2089 445 2156 illis
461 2090 621 2157 scribitur
636 2091 679 2158 de
695 2092 734 2156 P.
755 2093 803 2160 M.
822 2089 1022 2176 Hieronymi
1036 2090 1167 2158 Natalis
1178 2089 1432 2176 scriptionibus,
1446 2101 1510 2158 etc.
1525 2110 1589 2155 ser-

379 2178 474 2247 uabit
491 2181 532 2248 T.
551 2181 593 2247 R.
610 2178 695 2246 illud
711 2179 824 2265 ipsum
840 2179 1025 2260 silentium,
1044 2190 1103 2245 aut
1119 2191 1301 2260 secretum,
1318 2177 1593 2266 quodscribitur.

379 2270 519 2350 Romae,
538 2267 619 2356 dile]
641 2288 675 2336 11
701 2269 782 2353 Maji
802 2285 898 2352 1574.

921 2492 1065 2557 LXXIX

698 2633 732 2687 P.
744 2631 983 2688 EVERARDUS
998 2630 1283 2688 MERCURIANUS

617 2773 979 2824 PROVINCIALIBUS
1012 2777 1062 2824 ET
1096 2775 1363 2824 RECTORIBUS

768 2900 907 2982 Romae,
929 2917 967 2965 12
985 2898 1066 2984 Maji
1087 2915 1170 2982 1574
1186 2899 1209 2964 ¹.

725 3031 856 3086 Litterae
862 3035 1009 3102 patentes,
1019 3036 1077 3104 pro
1089 3033 1126 3085 P.
1137 3031 1253 3087 Natali.

444 3155 715 3222 Prouincialibus
738 3166 773 3222 et
794 3155 984 3224 rectoribus
1004 3167 1070 3224 etc.
1095 3157 1183 3224 Cum
1204 3177 1339 3239 eorum,
1362 3159 1421 3242 qui
1442 3169 1528 3226 recte
1548 3178 1581 3221 ac

376 3244 522 3312 fideliter
534 3245 569 3310 in
583 3244 683 3310 uinea
695 3244 833 3311 Domini
846 3246 1053 3324 laborarunt,
1069 3244 1283 3330 praecipuam
1296 3245 1458 3315 rationem
1470 3247 1581 3313 habere

375 3335 573 3414 debeamus
592 3333 804 3418 potissimum
822 3355 903 3399 uero
920 3336 960 3400 R.
980 3333 1091 3399 Patris
1111 3333 1266 3420 magistri
1287 3334 1473 3400 Hierouimi
1488 3336 1581 3400 Nata-

376 3421 431 3503 Iis,
449 3423 507 3506 qui
527 3423 570 3488 de
591 3422 763 3490 Societate
783 3422 909 3508 optime
931 3444 1065 3506 semper
1087 3432 1139 3490 est
1163 3419 1302 3489 meritus
1323 3435 1456 3509 propter
1474 3423 1578 3498 uitam,

374 3511 578 3590 doctrinam,
593 3521 696 3595 atque
708 3509 863 3576 assiduos
875 3509 981 3596 ipsius
993 3510 1028 3576 in
1040 3532 1080 3579 ea
1091 3512 1235 3590 labores,
1250 3524 1427 3597 propterea
1438 3514 1580 3577 uolumus

377 3609 415 3664 ut
432 3619 647 3682 quocumque
663 3598 697 3662 in
714 3600 859 3685 collegio
876 3610 991 3666 nostro
1007 3620 1143 3667 manere
1159 3599 1325 3680 uoluerit,
1340 3603 1432 3666 hunc
1446 3600 1529 3665 omni
1544 3621 1578 3664 ea

373 3684 542 3752 charitate
552 3687 739 3772 excipiatis
751 3708 790 3753 ac
802 3687 972 3756 reuerenti
984 3687 1096 3754 animo
1110 3687 1272 3768 tractetis,
1281 3709 1350 3773 quo
1360 3711 1442 3775 erga
1457 3699 1520 3755 tam
1530 3687 1577 3752 in-

374 3774 509 3862 signem
525 3787 559 3844 et
576 3775 829 3862 perantiquum,
848 3778 1075 3861 eumdemque
1096 3776 1194 3844 nobis
1214 3776 1423 3843 carissimum
1439 3779 1573 3852 stenem,

375 3863 426 3930 uti
454 3865 689 3952 unusquisque
715 3865 828 3932 debet.
852 3867 890 3930 ln
917 3886 1062 3950 quorum
1088 3865 1189 3932 fidem
1217 3877 1282 3934 etc.
1306 3868 1448 3946 Romae,
1473 3883 1508 3932 12
1526 3864 1574 3930 die

371 3953 454 4038 Maij
477 3970 572 4036 1574.

429 4147 436 4178 ¹
474 4147 518 4200 Ex
531 4147 672 4217 Regesto.
689 4145 759 4202 Cod.
777 4161 808 4216 33
816 4146 860 4217 j),
876 4145 1033 4202 iol.12.1n
1043 4147 1186 4218 margine:
1198 4149 1291 4202 Patri
1301 4150 1431 4204 Antonio
1439 4147 1573 4203 Midiaeli.

373 4234 406 4292 Ρ.
423 4235 571 4289 Antonius
588 4234 769 4290 Possevinus
787 4244 849 4290 erat
866 4235 946 4290 Petri
964 4234 1111 4291 Everardo
1128 4234 1310 4290 Mercuriano
1328 4252 1345 4290 a
1361 4235 1490 4290 secretis.
1509 4233 1574 4288 Vide

370 4322 528 4394 epistolam
541 4323 776 4395 praecedentem.

425 4415 437 4446 ¹
475 4412 519 4465 Ex
532 4411 645 4481 codice,
659 4412 706 4467 cui
720 4411 823 4468 titulus
838 4411 924 4467 Liber
933 4413 1107 4484 patentium
1115 4417 1174 4485 pro
1186 4413 1377 4469 missionibus
1388 4419 1416 4470 et
1427 4412 1501 4469 alir's.
1512 4411 1541 4464 L.
1550 4409 1571 4464 I.

373 4512 440 4568 1573
456 4499 548 4555 annis
560 4504 630 4555 ante
643 4500 726 4568 1600,
742 4517 809 4573 pag.
826 4512 869 4569 10,
883 4518 913 4555 n.
927 4498 971 4571 39.
985 4499 1019 4556 In
1032 4501 1087 4555 hoc
1099 4510 1288 4556 monumento
1301 4501 1399 4558 variae
1414 4497 1572 4558 emendatio·

373 4603 436 4657 nes,
451 4591 499 4643 vel
513 4588 611 4661 potius
624 4590 814 4660 mutationes,
828 4588 964 4645 inductae
977 4589 1207 4662 conspiciuntur,
1221 4599 1254 4645 ut
1267 4589 1370 4646 cedem
1380 4587 1569 4647 formulal'ttri

368 4673 585 4732 Ribadeneime
600 4685 759 4749 aptaretur.
