3322 5370
401 485 455 540 440
786 469 894 524 Ensr.
914 468 948 524 P.
970 466 1173 536 Nauae-476

367 643 436 689 non
453 622 524 688 solo
540 620 570 687 si
585 623 654 707 pub
670 619 823 707 obligare
838 620 872 687 la
886 617 1099 706 Compagnia
1121 639 1139 683 a
1161 639 1199 685 se
1218 628 1342 696 stessa,
1361 637 1422 682 ma
1439 611 1605 682 etiamdio

366 759 432 804 con
444 735 633 804 conditioni
646 735 702 802 alli
713 734 888 803 fundatori
901 745 936 802 et
947 732 1150 814 fundationi,
1165 732 1291 800 sicome
1302 731 1331 798 si
1347 732 1428 800 seoe
1440 730 1478 797 al
1491 739 1604 814 tempo

246 900 249 905 -
364 853 420 921 del
439 855 478 919 P.
498 854 583 918 Mr0.
603 850 738 938 lgnatio
755 851 844 917 nella
860 849 1061 918 fundatione
1075 848 1110 914 di
1130 847 1295 928 Messina,
1313 846 1347 913 di
1367 845 1551 924 Palermo,
1569 854 1601 912 et

363 966 397 1032 di
411 967 582 1046 Cordoua,
591 976 626 1033 et
638 967 723 1032 altre
734 968 801 1034 che
812 964 841 1032 si
855 967 967 1034 fecero
978 971 1095 1030 mutuo
1106 967 1292 1030 contractu.
1307 963 1429 1042 Resta,
1440 959 1472 1026 si
1486 959 1506 1027 ὲ
1518 980 1600 1025 con-

364 1091 416 1147 tra
432 1080 668 1148 constitutioni
683 1079 816 1168 pigliar’
835 1080 1047 1167 obligatione
1067 1078 1103 1144 in
1122 1079 1235 1165 quelle
1250 1078 1318 1147 due
1338 1099 1442 1158 cose,
1470 1086 1541 1144 etc.
1560 1077 1600 1139 Et

363 1195 400 1261 in
416 1207 538 1282 questo
554 1195 670 1282 voglio
684 1195 792 1283 prima
812 1195 885 1264 dire
898 1197 1038 1285 sactum
1055 1195 1184 1280 ipsum¹
1211 1195 1247 1260 10
1267 1215 1373 1280 penso
1393 1189 1598 1258 ricordarmi

363 1311 399 1377 di
415 1321 509 1380 certo
524 1313 591 1380 che
608 1312 711 1378 molte
727 1311 821 1379 uolte
837 1312 885 1377 ho
898 1312 994 1378 detto
1009 1311 1045 1377 in
1062 1313 1182 1391 Roma,
1197 1331 1266 1376 non
1281 1331 1321 1376 so
1337 1331 1376 1378 se
1390 1309 1466 1376 alla
1482 1309 1526 1374 Ρ.
1540 1307 1596 1383 V.,

364 1447 420 1492 rna
436 1428 467 1493 al
483 1426 528 1493 N.
545 1429 585 1494 P.
600 1430 686 1495 Mr0.
703 1428 852 1513 Laynez,
866 1437 901 1496 et
917 1429 949 1493 al
962 1428 1002 1493 P.
1018 1425 1163 1508 Madrid,
1177 1437 1212 1494 et
1229 1429 1269 1492 P.
1288 1429 1374 1493 Mr0.
1390 1422 1597 1502 Polanco,il

362 1541 431 1610 rnio
445 1563 576 1628 parere:
596 1541 681 1622 cine,
699 1544 767 1608 che
782 1541 884 1608 simili
899 1541 1100 1630 obligationi
1119 1550 1270 1629 puoteua
1291 1541 1362 1609 iare
1385 1542 1421 1607 la
1443 1540 1594 1623 Compa-

362 1657 456 1745 gnia,
475 1657 577 1724 etiam
593 1657 628 1723 di
644 1659 756 1742 quelle
772 1659 840 1726 due
855 1679 947 1726 cose.
966 1659 1009 1725 Et
1025 1658 1184 1726 hauendo
1199 1657 1242 1723 de
1258 1659 1388 1724 trattar'
1408 1654 1446 1722 io
1458 1653 1505 1720 de
1518 1654 1593 1718 fun·

361 1771 503 1854 dationi,
520 1794 671 1858 pensaua
687 1775 754 1841 che
771 1773 803 1841 la
819 1775 860 1840 P.
876 1774 919 1840 V.
938 1773 1006 1840 fusi
1025 1773 1070 1840 da
1088 1771 1199 1859 questi
1221 1771 1278 1839 doi
1298 1769 1401 1840 Padri
1423 1767 1593 1836 aduertiu

359 1889 416 1955 del
432 1887 502 1954 mio
518 1890 631 1970 modo,
651 1910 748 1956 corne
759 1890 903 1984 *baueuo
917 1889 962 1954 da
977 1887 1183 1956 incaminare
1202 1888 1235 1954 le
1256 1885 1469 1966 fundationi,
1487 1889 1519 1950 et
1534 1903 1590 1948 no-

360 2005 521 2070 minatim
535 2003 696 2070 hauendo
708 2003 744 2069 in
756 2014 878 2089 questo
890 2003 991 2070 modo
1003 2011 1142 2071 trattato
1154 2003 1189 2069 in
1202 2001 1403 2088 Olom[uti0]
1416 2011 1448 2082 ⁸,
1464 2001 1499 2066 lo
1510 1995 1589 2066 scri-

360 2117 389 2187 si
406 2118 472 2186 alla
488 2121 527 2186 P.
547 2121 591 2186 V.
611 2119 655 2186 da
670 2121 851 2205 Inspruch,
869 2120 901 2186 al
918 2117 1084 2205 principio
1101 2115 1135 2184 d'
1151 2119 1311 2199 Ottobre,
1325 2128 1360 2186 et
1375 2115 1482 2184 insin'
1496 2113 1585 2180 ades·

358 2256 398 2316 so
414 2255 484 2301 non
500 2235 546 2301 ho
563 2236 710 2301 hauutto
726 2232 938 2303 risolutione.
956 2233 1002 2301 Di
1018 2234 1120 2300 modo
1137 2235 1204 2302 che
1224 2234 1427 2319 simpliciter
1444 2242 1588 2317 puoteuo

356 2369 502 2436 pensare
517 2351 584 2419 che
599 2351 632 2416 la
650 2351 690 2418 P.
710 2352 754 2417 V.
773 2350 807 2416 lo
824 2349 990 2418 rimeteua
1006 2372 1025 2416 a
1041 2371 1108 2430 me,
1126 2359 1160 2416 et
1175 2371 1246 2416 non
1266 2351 1403 2416 haueua
1425 2346 1511 2414 total
1525 2341 1588 2408 dii-

358 2464 485 2548 ficoltd,
504 2465 626 2551 poiche
642 2464 688 2531 mi
703 2463 853 2533 lasciaua
869 2466 953 2533 sare.
968 2467 1012 2532 Et
1028 2464 1062 2531 in
1080 2475 1201 2552 questo
1216 2464 1262 2531 mi
1277 2465 1455 2532 confermd
1472 2463 1493 2526 l'
1512 2457 1584 2525 ulti—

358 2602 414 2646 ma
429 2581 562 2662 lettera,
581 2581 647 2649 che
663 2580 709 2646 mi
726 2582 763 2647 fu
778 2579 896 2646 scritta
912 2581 1020 2666 peria
1036 2580 1235 2647 fundatione
1250 2579 1285 2646 di
1301 2578 1412 2668 Spira‚
1431 2580 1520 2645 doue
1536 2583 1582 2638 to-

359 2696 469 2762 cando
494 2695 527 2761 la
550 2699 590 2762 P.
614 2697 673 2776 V.,
696 2717 717 2761 o
738 2695 761 2761 il
783 2698 825 2763 P:
848 2698 934 2763 Mr0.
955 2696 1105 2762 Polanco
1120 2717 1180 2783 per
1196 2669 1450 2775 cominissione,
1469 2699 1581 2779 queste

359 2808 544 2878 medesime
556 2809 733 2893 difficolta,
748 2809 1024 2902 semplicernente
1036 2809 1064 2877 si
1077 2809 1243 2879 rimettea
1258 2832 1313 2878 me
1328 2811 1361 2876 la
1373 2807 1575 2880 fundatione,

359 2926 427 2991 che
451 2923 585 3010 puotesi
606 2923 855 3008 conchiudere,
871 2934 938 2991 etc.
962 2926 989 2992 ll
1008 2927 1075 2993 che
1097 2930 1212 2992 tamen
1232 2926 1265 2994 io
1285 2948 1355 2994 non
1377 2926 1468 3006 fece,
1486 2921 1578 2989 riser-

362 3039 476 3106 uando
504 3040 537 3105 la
563 3039 790 3107 accettatione
817 3041 882 3107 alla
910 3044 951 3107 P.
977 3041 1036 3121 V.,
1061 3061 1159 3108 come
1185 3044 1313 3108 hauera
1335 3040 1436 3108 visto.
1462 3031 1578 3106 Guidai

364 3160 478 3220 tamen
494 3153 518 3219 il
533 3153 675 3240 negotio
691 3176 790 3223 corne
806 3155 852 3221 mi
869 3176 1006 3241 patena,
1026 3157 1201 3242 pensando
1221 3154 1256 3222 di
1277 3154 1451 3242 seguitare
1473 3155 1504 3219 la
1526 3169 1575 3213 vo·

363 3269 457 3336 lonta
477 3269 566 3338 della
588 3271 628 3336 P.
648 3270 689 3338 V.
711 3270 888 3354 Quantum
911 3271 957 3336 ad
980 3273 1049 3351 luo,
1071 3281 1106 3340 et
1125 3272 1190 3338 alle
1211 3270 1462 3351 constitutioni,
1484 3283 1578 3356 penso

363 3386 430 3451 che
451 3385 484 3451 la
505 3387 545 3452 P.
564 3369 628 3468 'V.,
652 3406 749 3454 corne
770 3387 816 3452 bo
839 3387 950 3467 detto,
974 3389 1049 3454 sara
1065 3396 1229 3454 contenta
1244 3389 1310 3456 che
1330 3386 1363 3454 io
1379 3377 1576 3472 rappresessti

364 3501 450 3567 altra
470 3501 564 3579 uolta
584 3499 607 3566 il
627 3500 695 3567 mio
715 3522 835 3588 parere
855 3503 919 3570 che
940 3503 986 3568 ho
1010 3501 1139 3568 scritto.
1163 3502 1243 3569 Non
1265 3524 1364 3588 pare,
1388 3503 1513 3580 Padre,
1532 3492 1575 3560 sia

363 3624 483 3683 contra
497 3614 521 3679 il
537 3612 589 3697 7.⁰
605 3614 750 3701 capitolo
765 3615 853 3682 della
873 3636 896 3699 4
916 3627 1028 3703 parte,
1047 3617 1069 3680 l’
1087 3615 1295 3704 obligatione
1315 3638 1335 3682 a
1356 3617 1456 3685 modo
1476 3615 1570 3684 detto,

363 3731 491 3816 perche
507 3751 587 3816 pare
603 3731 671 3799 che
686 3731 766 3816 quel
781 3732 892 3817 capol’
908 3731 937 3800 si
953 3732 1120 3820 aggionse
1139 3731 1227 3799 assai
1246 3731 1338 3819 dipoi
1358 3732 1392 3798 d’
1408 3751 1499 3800 esser
1516 3745 1572 3812 pu·

364 3845 489 3914 blicate
503 3846 536 3912 le
552 3845 798 3928 constitutioni;
813 3847 874 3914 lroc
889 3854 938 3913 est
953 3847 986 3914 io
1002 3871 1073 3914 non
1085 3847 1107 3914 l'
1120 3849 1224 3918 hebbi
1235 3849 1272 3914 in
1284 3849 1467 3936 Spagnala
1477 3841 1572 3933 prima

362 3961 456 4027 volta
473 3963 494 4026 ¹:
513 3970 548 4028 et
563 3962 593 4027 s'
610 3961 750 4030 intende
769 3961 804 4028 di
827 3984 897 4030 non
919 3963 1055 4032 hauersi
1076 3964 1112 4029 d'
1129 3963 1271 4052 obligar'
1288 3965 1321 4032 la
1339 3957 1571 4051 Compagniaa

415 4208 432 4241 ¹
459 4197 640 4272 Consumpta
651 4199 767 4268 charta,
782 4199 902 4256 ultimae
915 4201 1047 4273 syllabae
1060 4202 1274 4274 perierunt-b
1293 4201 1433 4274 Sequitur
1444 4201 1491 4257 elsa
1508 4189 1567 4250 obli·

363 4295 504 4344 teratum.

415 4493 423 4524 ²
462 4491 575 4550 Natalis
599 4493 631 4549 in
656 4469 839 4567 Hispaniam,
864 4495 1090 4552 constitutiones
1115 4497 1362 4569 promulgaturus,
1392 4496 1473 4552 venit
1498 4485 1566 4546 inifl⁰

359 4578 429 4634 anni
449 4579 530 4650 1553.
551 4581 626 4640 Vide
645 4581 746 4655 Epist.
767 4584 884 4649 Natat..
903 4586 926 4657 1,
953 4584 1003 4655 143
1025 4594 1055 4641 et
1076 4603 1163 4659 seqq.
1190 4585 1278 4658 Quod
1299 4593 1398 4642 autern
1415 4585 1462 4642 hic
1477 4571 1563 4639 asserit

362 4665 484 4734 Natalis,
503 4678 590 4741 caput
608 4670 721 4744 scilicet
738 4673 896 4745 septimum
913 4683 1033 4746 quartae
1051 4673 1126 4747 parti
1142 4675 1385 4732 constitutionum
1406 4675 1496 4731 multo
1510 4667 1563 4740 1³⁰⁸t
