3414 5374
581 489 615 531 22
634 478 780 534 Aucusrr
801 475 869 546 1568
1240 475 1293 532 633

111 628 174 696 aeid
188 629 241 694 ch’
259 627 282 694 il
298 629 340 696 Ρ.
360 627 569 697 Hemandez
586 629 607 709 ¹,
625 630 690 696 che
710 628 729 694 ὲ
744 629 850 695 molto
870 649 946 710 su0,
964 629 1014 716 gli
1029 629 1062 696 la
1082 628 1150 711 dia,
1169 638 1204 696 et
1220 627 1328 694 intor-

112 754 191 811 mato
202 743 287 811 della
299 764 382 809 cosa
398 743 495 825 aiuti,
509 753 576 812 etc.
596 745 637 810 D’
655 742 679 809 il
696 745 737 810 P.
756 743 909 810 Henrico
925 742 1092 830 Dionysio
1108 744 1120 776 ²
1138 743 1287 810 scrisse·
1303 742 1328 809 il

111 861 188 925 duca
202 860 235 925 d’
251 859 343 927 Alua
357 860 383 940 ³,
401 879 470 926 non
486 880 547 945 per
562 859 787 945 suggestione
803 859 837 924 d’
850 859 951 925 alcun
968 860 1010 926 de
1026 858 1146 941 nostri,
1165 880 1220 926 ma
1237 880 1257 924 a
1272 855 1327 922 in-

111 985 216 1040 stanza
230 974 265 1039 d'
282 973 306 1038 il
322 973 523 1060 magistrato
535 973 570 1038 di
583 972 747 1054 Traietto,
762 974 852 1042 doue
868 984 921 1040 sta
932 973 956 1038 il
967 976 1012 1040 D.
1028 973 1194 1055 Henric0,
1209 982 1244 1040 et
1256 994 1326 1039 non

111 1087 284 1174 inLieggi:
302 1087 350 1153 mi
367 1111 449 1174 pare
460 1089 527 1155 che
544 1110 613 1154 non
625 1087 654 1155 si
665 1089 861 1156 douerebbe
873 1110 1009 1172 cauare,
1024 1090 1069 1157 ne
1088 1088 1104 1131 ¹³
1117 1089 1152 1154 di
1163 1088 1207 1169 la,
1222 1107 1326 1156 senza

109 1203 162 1270 dar
177 1203 343 1290 raggione
359 1203 391 1270 al
408 1205 507 1272 duca.

164 1337 195 1402 4.
242 1320 281 1385 In
298 1328 387 1385 tutte
404 1329 524 1403 queste
539 1320 661 1387 lettere
676 1317 724 1384 mi
739 1318 851 1385 scriue
866 1319 898 1387 ia
915 1320 956 1384 P.
975 1320 1019 1385 V.
1039 1319 1128 1395 della
1142 1317 1211 1384 mia
1223 1316 1325 1384 ritor-

108 1443 177 1499 nata
191 1433 225 1499 in
241 1435 362 1515 Roma,
378 1446 413 1502 et
428 1433 474 1518 io,
490 1436 613 1514 Padre,
628 1455 692 1500 son
704 1457 751 1500 vn
763 1434 986 1516 cameleonte,
1000 1433 1125 1521 perche
1138 1436 1183 1498 m’
1198 1432 1325 1499 inclino

107 1549 200 1615 alatto
215 1549 247 1615 lt
263 1550 357 1618 doue
371 1550 460 1618 vedo
476 1549 650 1617 inclinarsi
665 1549 698 1617 la
715 1553 756 1616 Ρ.
775 1552 834 1632 V.‚
853 1558 887 1616 et
903 1548 975 1616 cosi
993 1551 1104 1634 quest'
1124 1547 1242 1616 ultime
1256 1548 1325 1616 let-

110 1673 170 1731 tere
184 1668 229 1729 m’
246 1667 363 1731 hanno
379 1667 465 1732 fatto
488 1665 653 1733 inclinare
677 1665 876 1734 totalmente
893 1664 946 1732 ad’
959 1662 1075 1732 andar’
1091 1664 1125 1732 in
1150 1666 1271 1747 Roma,
1289 1671 1324 1731 et

108 1779 236 1846 lasciare
250 1779 355 1866 quell’
373 1780 596 1849 inclinatione
612 1782 679 1849 che
694 1784 831 1848 haueuo
842 1779 878 1846 di
889 1790 1019 1850 restare
1031 1781 1066 1844 in
1079 1788 1200 1864 queste
1212 1778 1324 1845 bande

109 1893 156 1960 del
168 1895 403 1965 settentrione.
424 1897 481 1963 Ho
499 1898 583 1963 tatto
599 1895 771 1984 diligenza
792 1895 851 1980 qui
873 1919 935 1982 per
949 1893 1067 1964 hauer'
1084 1892 1324 1960 informatione

109 2007 136 2074 d’
150 2009 171 2073 il
184 2021 274 2078 stato
285 2011 375 2079 delle
391 2033 472 2080 cose
487 2011 521 2077 di
537 2011 693 2093 Francia,
707 2021 743 2079 et
759 2011 1001 2097 specialmente
1017 2009 1052 2076 di
1067 2009 1180 2094 quelle
1195 2007 1322 2090 bande,

110 2144 198 2191 verso
212 2127 245 2193 le
261 2126 355 2211 quali
371 2127 417 2192 ho
434 2148 454 2193 a
468 2127 611 2207 andare,
630 2149 690 2213 per
706 2148 824 2194 mezzo
846 2127 880 2192 d'
898 2125 922 2191 il
944 2128 984 2191 Ρ.
1004 2124 1197 2191 Possouino
1213 2131 1249 2191 et
1264 2119 1324 2188 d'il

110 2247 222 2310 rettore
237 2240 273 2308 di
287 2252 412 2326 questo
426 2242 585 2328 collegio,
600 2253 635 2310 et
651 2244 681 2309 s'
698 2241 839 2310 intende
855 2243 920 2309 che
936 2239 983 2326 gl’
996 2237 1181 2326 hugonotti
1193 2237 1222 2304 si
1235 2257 1325 2304 sono

108 2355 197 2420 mussi
213 2377 254 2422 su
270 2357 303 2424 la
318 2356 431 2424 riuera
446 2356 479 2422 d’
496 2357 520 2422 il
536 2359 705 2425 Rhodano
717 2366 808 2424 sotto
821 2357 994 2437 Tomone,
1009 2365 1044 2423 et
1056 2356 1123 2423 che
1134 2375 1204 2420 non
1216 2353 1246 2420 si
1257 2353 1327 2439 pud

108 2469 219 2537 andare
234 2469 465 2540 sicuramente
480 2472 583 2539 insin’
602 2495 622 2540 a
638 2474 810 2554 Tomone,
826 2494 894 2538 non
911 2472 967 2537 ch'
981 2470 1017 2538 in
1033 2471 1223 2556 Auignone
1245 2478 1272 2550 c;
1290 2478 1326 2534 et

108 2579 137 2646 in
157 2593 243 2654 tutta
266 2585 412 2653 Francia
436 2586 465 2654 si
489 2608 637 2656 moueno
660 2587 710 2674 gli
734 2585 932 2673 hugonotti.
953 2587 1009 2652 Ho
1037 2583 1221 2651 consultati
1246 2583 1327 2650 tutti

108 2699 206 2780 questi
223 2702 339 2784 Padri,
357 2713 392 2770 et
408 2705 454 2767 m’
472 2703 490 2769 ὲ
506 2724 606 2789 pareo
627 2703 716 2771 bene
737 2702 851 2787 quello
873 2704 936 2768 che
956 2700 1024 2768 essi
1044 2708 1203 2783 sentuno,
1221 2698 1326 2766 mossi

110 2823 192 2882 tanto
207 2837 268 2902 per
284 2827 405 2902 queste
425 2839 559 2900 nuoue‚
578 2829 708 2904 quanto
728 2841 790 2904 per
810 2815 832 2883 l’
850 2817 969 2885 ultima
988 2817 1147 2904 postdata
1166 2815 1201 2881 di
1225 2837 1327 2882 mano

109 2928 186 2997 della
202 2935 242 2998 P.
261 2934 320 3014 V.,
338 2934 429 3000 doue
445 2933 532 3000 dice:
555 2933 612 3002 «Si
629 2939 703 3004 esta
719 2933 827 3002 cierto
843 2953 889 2998 no
904 2942 995 2999 estar
1008 2953 1135 3018 seguro
1150 2933 1183 2998 el
1194 2930 1328 2998 camino

109 3044 144 3110 de
158 3047 250 3114 Leon
266 3054 286 3115 a
301 3047 456 3131 Auindn,
475 3049 512 3116 ni
527 3050 570 3118 de
583 3048 725 3118 Auirldn
740 3047 881 3131 altalia,
896 3069 941 3115 no
953 3069 990 3114 es
1003 3058 1175 3116 menester
1187 3046 1330 3113 consul·

109 3167 151 3224 tar
164 3163 206 3230 de
221 3164 330 3245 Leon,
348 3164 424 3231 sino
439 3165 583 3251 partirse
598 3186 681 3251 para
701 3169 778 3245 aed,
797 3165 895 3230 saluo
915 3161 944 3230 si
965 3162 1071 3248 algdn
1091 3159 1261 3244 colegieto
1284 3159 1328 3226 de

108 3278 247 3358 aquellos
268 3300 337 3364 que
357 3286 455 3348 estan
479 3301 578 3347 cerea
601 3281 644 3346 de
667 3280 762 3347 Ledn
789 3301 827 3347 se
854 3277 995 3365 pudiese
1015 3276 1133 3343 visitar
1155 3297 1200 3343 en
1222 3296 1326 3362 pocos

108 3387 203 3474 diasa,
220 3404 286 3462 etc.
305 3394 396 3461 Dalii
411 3394 503 3482 quali
526 3394 682 3481 principii
703 3393 750 3460 mi
770 3394 789 3461 ὲ
809 3414 910 3481 parso
931 3394 998 3459 co'l
1019 3390 1194 3476 conseglio
1216 3393 1328 3476 (come

108 3501 186 3592 dico)
202 3509 235 3574 di
251 3511 364 3594 questi
382 3510 497 3594 Padri,
515 3510 656 3579 scriuer’
675 3511 740 3577 alla
758 3512 797 3578 P.
817 3512 861 3577 V.
880 3510 959 3593 quel
976 3510 1041 3576 che
1056 3505 1205 3593 seguita,
1223 3505 1321 3572 ciod:

109 3616 139 3682 10
151 3641 212 3688 oon
226 3625 259 3691 la
272 3624 384 3711 gratia
400 3627 456 3692 del
472 3625 619 3713 Signore
636 3625 830 3711 conquesti
853 3622 956 3691 Padri
979 3623 1135 3692 finiremo
1152 3620 1288 3688 dimane
1304 3642 1326 3688 o

109 3729 127 3796 l'
141 3737 219 3805 altro
234 3739 266 3806 le
281 3740 545 3828 congregationi
560 3763 622 3827 per
641 3742 664 3806 l'
682 3738 911 3808 informationi
932 3741 998 3807 che
1018 3741 1046 3804 s’
1064 3740 1179 3804 hanno
1202 3759 1222 3802 a
1244 3737 1326 3804 dare

108 3848 135 3912 al
149 3866 363 3936 procuratore
378 3867 461 3940 etc,
474 3865 510 3925 et
525 3855 700 3944 seguitard
715 3856 748 3924 la
764 3854 876 3938 visita,
891 3855 992 3941 quale
1008 3855 1055 3919 ho
1071 3849 1323 3931 incominciata,

107 3961 135 4026 di
159 3980 276 4052 questo
304 3970 463 4058 collegi0,
493 3974 574 4060 qual
601 3994 709 4059 penso
737 3969 855 4038 hauer’
871 3969 968 4037 finita
995 3991 1056 4056 per
1083 3978 1174 4035 tutto
1202 3976 1325 4052 questo

105 4083 240 4152 mesedo
256 4106 344 4171 poco
360 4086 432 4173 pid;
450 4098 485 4154 et
501 4089 530 4154 s'
544 4087 580 4154 in
597 4097 720 4172 questo
737 4097 850 4171 tempo
866 4086 899 4154 le
910 4084 967 4153 vie
983 4105 1052 4151 non
1068 4104 1216 4151 saranno
1231 4081 1326 4149 sicu·

105 4198 288 4217 ,ᾖ

145 4266 159 4298 ⁸
184 4260 318 4330 Archet,
329 4264 485 4318 sarisa-b
495 4265 561 4319 Hoc
572 4265 655 4320 verb.
667 4279 756 4336 supra
766 4280 844 4318 vers.
856 4260 969 4317 addidit
979 4262 1045 4317 libr.
1054 4272 1098 4305 -0
1111 4259 1128 4316 8
1139 4261 1230 4316 verba
1240 4275 1323 4332 seqq.

103 4337 127 4395 in
139 4359 224 4420 marg.
242 4348 357 4406 addidit
371 4349 499 4409 libra-<¹
513 4353 531 4408 3
544 4354 636 4408 verba
649 4370 732 4426 seqq.
747 4368 834 4424 supra
848 4367 926 4407 vers.
942 4350 1055 4407 addidit
1069 4351 1135 4406 libr.

149 4499 155 4530 ¹
189 4499 441 4572 bartholomaeus,
455 4511 553 4560 rector
565 4503 688 4575 collegii
701 4502 949 4560 salmanticensis.

148 4583 158 4616 ⁸
192 4589 268 4647 Vide
282 4592 372 4664 epist.
392 4590 503 4665 508,n.
520 4589 548 4661 3;
560 4605 625 4666 509,
640 4611 669 4648 n.
685 4604 713 4662 7;
727 4605 838 4664 512,n.
858 4600 928 4661 1;et
941 4589 1005 4661 530,
1020 4608 1049 4645 n.
1065 4603 1095 4646 2.

150 4682 161 4714 ³
195 4681 395 4739 Ferdinandus
409 4683 536 4738 Aluarez
549 4683 586 4738 de
598 4681 724 4738 Tuledo.
742 4681 817 4738 Vide
830 4681 921 4753 epist.
938 4693 1002 4753 497,
1013 4697 1046 4736 n.
1064 4695 1095 4750 9.
