3404 5380
565 451 583 508 3
602 454 803 510 smannens
825 453 893 524 1566
1255 467 1309 524 229

117 601 159 667 de
172 622 278 668 veras.
299 603 401 672 Circa
421 606 454 672 le
475 627 575 692 spese
596 606 687 674 delle
708 603 860 672 missioni
882 607 966 674 fatte
986 603 1020 671 in
1041 604 1196 687 Francia,
1222 608 1264 674 V.
1285 610 1342 690 R..

120 715 172 780 dia
184 717 303 787 ordine
319 719 350 785 si
366 721 588 788 accomodino
604 723 637 790 le
660 723 728 790 due
752 720 923 807 prouintie
942 741 1040 789 come
1058 724 1176 807 patera
1191 723 1250 809 piri
1265 745 1343 808 spe·

122 830 226 899 diente
240 843 277 899 et
299 834 428 920 giusto.

181 947 394 1016 llcontratto
411 953 498 1018 fatto
514 953 568 1018 col
583 951 754 1019 cardinale
774 955 781 984 ¹
800 952 896 1036 quasi
913 961 1003 1018 tutto
1018 973 1098 1037 pare
1114 951 1178 1020 stia
1193 953 1292 1033 bene,
1307 964 1341 1020 et

122 1083 184 1126 non
198 1061 347 1148 imperta
362 1077 484 1153 troppo
505 1069 570 1134 che
592 1089 662 1133 non
679 1067 715 1133 ui
730 1066 779 1134 sia
795 1067 915 1134 liberta
937 1066 972 1131 di
987 1076 1099 1132 mutar
1113 1067 1136 1131 l'
1154 1067 1341 1135 uniuersita

118 1187 150 1244 et
163 1177 312 1266 collegio
326 1183 350 1262 '3
368 1182 519 1249 tuttauia
532 1181 668 1250 auisaro
683 1181 717 1248 d'
736 1192 852 1268 aparte
867 1182 901 1248 di
918 1183 997 1266 quel
1013 1184 1076 1248 che
1088 1182 1120 1249 ci
1137 1203 1287 1263 occorre,
1305 1194 1340 1252 et

117 1293 148 1356 ia
165 1295 311 1376 qualche
324 1297 492 1365 difficulter
508 1307 537 1363 ⁸.
556 1300 715 1366 Acabese
735 1319 779 1382 ya
794 1308 881 1378 esto,
900 1319 985 1384 pues
1000 1319 1038 1366 se
1054 1319 1074 1363 a
1090 1298 1264 1382 trabajado
1280 1309 1338 1366 tan

117 1407 189 1475 bien
204 1431 227 1493 y
243 1431 283 1476 se
300 1411 425 1480 deliere
439 1411 510 1480 casi
526 1435 570 1480 en
586 1415 685 1482 nada.

173 1524 214 1590 Ci
234 1527 255 1591 ὁ
277 1549 374 1612 parso
395 1528 483 1597 bene
504 1533 613 1598 hauet
632 1531 746 1598 leuato
767 1530 801 1596 lo
823 1529 929 1594 altare
951 1529 1039 1594 della
1065 1529 1273 1608 cathedrale,
1302 1538 1337 1595 et

117 1651 237 1721 quanto
257 1642 288 1707 si
302 1645 370 1727 puo
385 1653 552 1712 trattener
567 1645 599 1710 la
616 1645 731 1711 buona
749 1645 888 1710 uolontri
900 1642 955 1710 dei
970 1641 1139 1723 canonici,
1153 1652 1187 1711 et
1204 1645 1337 1710 hanen-

119 1752 158 1817 do
171 1755 286 1823 chiesa
300 1769 334 1824 et
349 1779 441 1836 casa,
458 1769 494 1825 et
509 1760 532 1823 l'
550 1759 675 1827 intrata
695 1760 783 1826 della
799 1760 899 1843 quale
915 1760 958 1826 V.
977 1760 1019 1825 R.
1038 1756 1161 1838 scriue,
1180 1759 1235 1824 all’
1252 1759 1336 1824 hora

120 1866 146 1932 si
159 1867 351 1954 rispondera
362 1874 419 1940 all’
433 1884 575 1940 assunto
587 1873 621 1940 di
634 1885 730 1943 tener
742 1873 859 1939 mastri
870 1873 907 1939 in
918 1874 1090 1958 Augusta,
1109 1883 1175 1939 etc.
1194 1874 1259 1939 Del
1275 1873 1335 1938 dar

122 2003 227 2050 mezzo
242 1987 384 2074 collegio
400 2009 462 2074 per
473 1990 639 2070 Lanzuta,
654 2009 751 2055 come
767 1990 800 2054 lo
815 1987 944 2056 ricerca
958 1987 982 2052 il
998 1985 1200 2055 cancellario
1213 1987 1331 2069 Echi0,

122 2097 215 2166 VR.
234 2103 299 2186 pud
326 2104 394 2172 ben
415 2105 542 2172 uedere
562 2127 600 2174 se
623 2104 652 2171 si
673 2105 741 2190 pud
757 2103 773 2147 b
792 2105 853 2170 dar
868 2124 890 2169 o
905 2125 974 2168 non
990 2104 1014 2170 ³.
1033 2105 1087 2170 De
1101 2101 1333 2188 risponderea

120 2213 278 2283 Kemnitio
292 2229 326 2286 et
346 2219 423 2285 altri
444 2219 556 2286 autori
577 2219 729 2300 heretici,
754 2217 811 2306 gia
831 2217 860 2285 si
881 2218 975 2304 parlo
995 2239 1016 2283 a
1037 2218 1109 2285 Sua
1130 2217 1275 2298 Santita,
1297 2227 1332 2284 et

118 2327 215 2395 auisai
231 2335 289 2399 che
305 2333 326 2398 li
343 2355 443 2419 parse
459 2335 561 2416 bene,
580 2335 717 2419 quando
734 2333 864 2401 fussino
879 2332 989 2399 autori
1004 2333 1037 2398 di
1054 2334 1199 2419 qualche
1214 2354 1328 2414 nome,

121 2453 223 2511 elnon
235 2449 342 2515 alcuni
355 2451 446 2516 bassi
458 2450 523 2518 che
534 2449 563 2517 si
576 2450 741 2536 uogliono
752 2449 909 2516 nobilitar
921 2469 981 2535 per
994 2460 1115 2533 questa
1132 2447 1198 2529 uia,
1215 2459 1250 2514 et
1266 2450 1329 2515 che

123 2555 262 2628 sileuino
281 2565 313 2630 le
341 2564 503 2650 ingiurie,
525 2576 592 2634 etc.
616 2565 714 2632 Della
741 2563 953 2650 promotione
972 2564 1027 2630 del
1049 2565 1090 2629 Ρ.
1112 2563 1245 2650 Gaspar
1266 2585 1328 2628 an-

123 2673 418 2756 g10·,mirimett0
437 2701 458 2746 a
480 2681 523 2748 V.
543 2683 600 2761 R.,
619 2679 714 2747 udito
729 2680 754 2746 il
769 2701 887 2766 parere
903 2680 958 2747 del
979 2682 1016 2745 Ρ.
1035 2677 1184 2746 Canisio.
1203 2677 1327 2766 Quella

126 2790 321 2870 pennissione
333 2815 355 2859 o
366 2795 620 2882 dispensatione
631 2817 691 2882 per
707 2805 802 2862 tener
818 2795 877 2882 piu
892 2793 1082 2862 canonicali
1098 2814 1167 2860 non
1184 2794 1326 2861 lacendo

125 2903 297 2991 residentia,
314 2932 387 2976 non
403 2911 423 2977 ὁ
441 2923 555 2996 tempo
572 2911 695 2979 adesso
711 2909 746 2975 di
762 2910 995 2991 domandarla,
1014 2931 1068 2976 ma
1083 2907 1112 2974 si
1128 2912 1249 2975 notata
1264 2931 1325 2994 per

125 3037 176 3084 suo
190 3035 306 3109 tempo.
320 3026 389 3094 Gia
406 3025 554 3124 teniamo
570 3027 677 3094 breue
690 3027 754 3092 che
767 3024 789 3090 li
806 3024 912 3091 nostri
924 3023 996 3090 uoti
1009 3022 1151 3109 simplici
1162 3044 1231 3088 non
1244 3044 1322 3108 pos·

121 3132 185 3200 s'no
197 3159 300 3206 essere
315 3139 515 3225 dispensati,
535 3161 573 3207 se
588 3162 658 3206 non
674 3161 735 3226 per
750 3139 774 3206 il
790 3161 889 3226 papa,
908 3150 989 3218 etc,
1003 3147 1038 3204 et
1054 3138 1199 3204 essendo
1215 3136 1323 3223 prima

124 3248 237 3318 uditala
253 3254 477 3341 Compagnla.
497 3256 629 3322 Perche
645 3253 868 3342 sigismundo
884 3254 1032 3322 bohemo
1050 3255 1061 3287 ⁸
1077 3255 1096 3320 e
1112 3263 1201 3318 stato
1217 3249 1322 3320 infer-

123 3365 210 3432 moin
227 3369 341 3449 Roma,
359 3391 398 3436 se
411 3371 455 3436 V.
475 3371 516 3436 R.
535 3370 569 3435 lo
586 3369 722 3437 hauessi
738 3391 759 3436 a
774 3370 928 3450 mandar,
946 3367 996 3434 sia
1012 3349 1236 3434 consultando
1251 3365 1322 3452 pri-

123 3479 198 3545 mail
211 3483 349 3566 medico,
367 3495 403 3550 et
418 3485 564 3553 dicendo
579 3485 628 3552 lui
646 3486 711 3553 che
723 3484 791 3570 pud
808 3482 916 3552 uenit.
931 3483 958 3549 ll
973 3483 1014 3548 P.
1033 3479 1171 3548 Canisio
1188 3481 1270 3548 resti
1285 3480 1322 3548 in

129 3589 306 3605 ¹⁸*—

165 3637 179 3670 ⁸
196 3640 224 3697 15
235 3635 322 3686 verba
334 3649 419 3706 seqq.
430 3633 554 3700 Borgiae
568 3649 656 3688 manu
669 3632 700 3688 in
713 3648 804 3702 marg.
819 3630 917 3686 addita
929 3631 1062 3686 suun-b
1078 3627 1218 3703 Sequitur
1230 3634 1322 3686 accat·

122 3715 164 3767 tar
172 3718 346 3776 obliteratum
359 3739 376 3776 a
389 3721 456 3778 libr.

126 3810 307 3830 Q——a

164 3853 172 3884 ¹
203 3851 269 3910 Otto
279 3857 444 3912 Truchsess
456 3854 494 3912 de
508 3855 683 3927 waldburg,
696 3853 851 3910 cardinalis
864 3853 1058 3924 augustanus.

163 3941 173 3973 ¹
203 3941 298 3999 Sermo
322 3953 370 4000 est
394 3944 432 4001 de
457 3945 583 4016 collegio
606 3942 780 4016 dilingensi.
807 3942 883 3998 Vide
908 3942 999 4015 epist.
1027 3953 1091 4012 415,
1115 3959 1145 3997 n.
1168 3957 1195 4012 93
1219 3949 1250 3995 et
1271 3957 1319 4013 ap

121 4027 283 4094 1111111111.

160 4117 170 4148 ⁸
201 4119 497 4194 Videepist.414,n.
517 4134 564 4178 11.

159 4207 170 4240 ⁴
199 4207 303 4282 Gaspar
316 4209 501 4284 Haywodus,
513 4209 680 4282 theologiae
693 4213 784 4266 lector
797 4207 948 4280 Dilingae.

160 4294 170 4327 ¹
199 4297 230 4352 ln
247 4301 379 4371 catalogo
399 4300 519 4372 collegii
537 4309 569 4356 et
592 4298 750 4356 seminarii
771 4296 969 4355 olomucensis
991 4297 1061 4353 anni
1084 4295 1154 4366 1568
1174 4293 1318 4367 reperitur

118 4375 311 4450 «sigismundus
328 4388 528 4462 Domiuatius,
545 4388 723 4461 pragensis„
736 4401 771 4443 22
787 4403 965 4443 annorum...
982 4385 1071 4441 Venit
1088 4384 1124 4440 ad
1137 4382 1318 4440 Societatem

119 4463 211 4537 Pagae
225 4491 295 4530 anno
314 4477 379 4545 1561
399 4477 430 4533 in
447 4486 610 4534 aestate...
628 4477 681 4533 Est
697 4475 846 4550 professor
862 4475 911 4530 hic
927 4475 1100 4530 rhetorices.
1118 4472 1261 4545 Loquitur
1279 4472 1319 4527 la·

122 4550 183 4623 ‘5³01
200 4561 329 4630 boemico,
350 4567 521 4638 germanice
543 4575 574 4622 et
591 4566 700 4623 italice.
723 4567 776 4622 Est
798 4566 990 4620 scholasticus
1012 4564 1242 4636 approbatus...»
1261 4561 1319 4616 Hic

124 4636 300 4710 sisinnius
312 4653 389 4724 idem
401 4671 470 4711 esse
482 4653 612 4726 videtur,
623 4655 662 4710 de
674 4671 732 4728 quo
745 4653 852 4725 Borgia
865 4650 981 4709 scribit.
