3482 5386
381 489 440 548 802
822 491 926 548 Ertsr.
946 491 979 546 P.
1001 490 1114 547 Nion

345 650 412 713 hac
428 665 555 714 recum
571 643 709 712 licentia
723 645 764 712 P.
778 645 823 713 V.
841 643 1004 711 iudicium
1018 665 1131 712 meum
1148 643 1308 711 scribam.
1322 644 1472 730 Apparet
1490 644 1581 710 mihi

346 736 447 802 valde
460 737 613 802 tuturum
625 755 668 800 ex
681 755 718 802 re
732 733 872 800 istarum
884 732 1150 818 prouinciarum,
1164 733 1195 798 si
1207 733 1246 799 P.
1262 732 1403 813 Natalis,
1417 733 1583 800 absoluta

345 823 552 903 visitatione,
581 823 617 888 in
634 821 688 888 his
704 821 858 908 partibus
886 832 1034 901 maneat,
1052 843 1121 889 non
1149 821 1224 888 sine
1246 821 1340 887 omni
1355 821 1581 901 authoritate,

346 914 407 982 sed
422 933 501 979 cum
518 932 644 998 magna
665 921 849 996 potestate,
872 920 911 975 vt
925 909 1085 976 omnibus
1111 909 1226 975 dubiis
1252 910 1378 976 nostris
1395 910 1505 996 possit
1521 933 1584 978 re-

345 1001 515 1088 spondere
530 1011 566 1067 et
581 1010 778 1085 praesentes
790 999 950 1084 dirigere.
971 1000 1058 1065 Nam
1079 997 1264 1065 admodum
1286 1000 1382 1066 tarde
1402 1010 1521 1084 potest
1537 1021 1584 1067 ex

346 1089 604 1158 vrbe-omnibus
620 1087 790 1170 satisfieri,
809 1109 886 1154 cum
904 1099 1018 1156 tamen
1039 1090 1235 1172 frequenter
1258 1107 1345 1173 opus
1372 1087 1416 1153 sit
1431 1087 1585 1154 festina-

349 1179 454 1261 tione,
473 1177 686 1264 potissimum
708 1178 845 1262 quando
864 1163 1091 1262 piouinciales
1107 1186 1188 1243 sunt
1203 1175 1360 1257 iuuenes,
1378 1197 1502 1262 parum
1519 1198 1588 1243 ex·

348 1266 436 1352 perti
453 1267 618 1335 rationem
640 1266 833 1334 Societatis.
863 1267 940 1352 Ego
968 1267 1011 1332 ab
1039 1283 1075 1332 11
1107 1264 1259 1356 Augusti
1286 1265 1400 1331 literas
1422 1267 1541 1332 nullas
1566 1287 1589 1331 a

349 1357 388 1421 P.
408 1358 451 1422 V.
468 1354 592 1441 recepi.
613 1354 761 1422 Proinde
776 1365 928 1439 optarem
945 1355 985 1420 P.
1003 1354 1160 1421 Natalem
1177 1353 1326 1421 residere
1349 1354 1588 1440 Antuerpiae‚

350 1454 388 1509 vt
404 1444 483 1513 inde
499 1466 561 1511 nos
574 1444 714 1510 adiuuet
730 1453 764 1511 et
780 1453 927 1522 exteros
941 1441 999 1527 qui
1015 1442 1126 1528 ipsum
1143 1444 1333 1511 consulent.
1350 1441 1591 1510 Vtilissimum

349 1536 416 1599 hoc
430 1534 495 1600 erit
511 1532 540 1599 si
556 1554 615 1599 rex
632 1531 805 1614 adueniet,
819 1553 897 1598 cum
911 1552 978 1616 quo
990 1531 1034 1598 de
1046 1529 1162 1597 multis
1175 1531 1278 1598 rebus
1290 1553 1393 1618 agere
1404 1531 1590 1616 poterit...

931 1728 1008 1792 LIX

717 1859 754 1915 P.
777 1859 1032 1916 LAURENTIUS
1051 1857 1204 1916 MAGIUS

620 1995 782 2043 siluero
817 1995 1052 2043 rsnuc1sco
1086 1997 1138 2043 ou
1173 1996 1305 2058 1³0an

643 2100 880 2180 Vindobonae‚
899 2118 938 2186 19
951 2099 1155 2166 Novembris
1171 2101 1253 2184 1567
1271 2103 1291 2167 ¹.

541 2223 648 2278 Patris
666 2222 788 2276 Natalis
810 2222 921 2277 scholia
943 2223 977 2276 in
998 2223 1224 2278 constitutiones
1240 2225 1385 2295 postulat.

480 2333 558 2398 Una
585 2327 696 2415 gratia
723 2328 838 2414 voglio
865 2329 1072 2396 domandare
1099 2331 1164 2395 alla
1192 2332 1233 2396 P.
1257 2332 1300 2397 V.
1324 2352 1388 2398 con
1407 2331 1591 2400 desiderio

354 2422 463 2487 anche
479 2419 515 2484 di
530 2419 697 2485 ottenerla
714 2439 815 2483 senza
830 2416 1018 2502 preludizio
1035 2419 1078 2485 de
1096 2418 1252 2504 maggior
1267 2421 1366 2487 bene.
1385 2421 1422 2486 lo
1444 2423 1588 2490 ottenni

352 2508 411 2594 gia
426 2509 482 2574 dal
500 2511 538 2574 P.
559 2507 681 2574 Natale
696 2505 731 2571 di
747 2528 829 2573 auer
846 2505 941 2590 copia
958 2504 1037 2573 delli
1053 2506 1129 2572 suoi
1144 2507 1272 2591 schollij
1291 2529 1390 2594 sopra
1399 2509 1433 2576 le
1446 2511 1587 2577 consti-

354 2595 489 2675 tutioni,
519 2607 553 2662 et
582 2595 639 2684 girl
668 2616 777 2661 aueua
808 2594 1044 2660 comminciato
1075 2618 1096 2660 a
1125 2597 1403 2663 communicarmi
1430 2601 1586 2684 qualche

352 2707 444 2766 cosa3
464 2707 518 2750 ma
534 2705 633 2750 come
649 2683 740 2769 dipoi
757 2687 784 2750 s'
807 2686 851 2750 ha
872 2695 966 2750 tanto
986 2684 1170 2750 discostato
1189 2685 1234 2750 da
1248 2686 1318 2768 noi,
1333 2707 1399 2753 non
1411 2689 1456 2752 ha
1468 2701 1585 2756 auuto
1639 2725 1647 2738 ·

352 2795 512 2842 successo
529 2775 561 2838 la
577 2793 667 2839 cosa.
687 2774 722 2839 lo
739 2794 776 2838 so
798 2783 925 2856 quanto
949 2774 994 2838 m'
1016 2772 1143 2839 habbia
1163 2773 1303 2859 giouato
1324 2763 1356 2840 la
1376 2775 1523 2860 prattica
1544 2779 1581 2843 di

351 2863 431 2947 quel
454 2863 639 2929 benedetto
666 2862 773 2928 Padre
796 2871 830 2925 et
854 2861 1173 2942 communicatione,
1192 2862 1257 2928 alla
1273 2863 1468 2950 cognitione
1493 2867 1579 2932 dell'

351 2950 521 3030 institut0,
541 2951 620 3036 quel
636 2971 721 3035 poco
738 2949 772 3014 di
795 2959 919 3033 tempu,
942 2951 1005 3015 che
1027 2951 1048 3014 l’
1074 2971 1163 3016 anno
1187 2961 1321 3034 passato
1345 2952 1392 3017 fui
1415 2973 1581 3022 conseco.

351 3040 478 3108 Taccio
494 3038 516 3104 il
533 3049 649 3124 gust0,
668 3041 732 3105 che
748 3037 780 3103 io
798 3037 903 3124 piglio
918 3039 953 3103 in
970 3048 1091 3123 questo
1107 3039 1232 3118 studi0,
1250 3043 1314 3106 che
1336 3052 1424 3107 tutto
1445 3043 1498 3110 sia
1519 3065 1583 3129 per

353 3128 377 3194 il
393 3131 481 3194 bene
497 3147 653 3193 comune.
670 3129 706 3192 lo
718 3127 852 3192 confido
869 3129 932 3194 che
948 3129 980 3193 la
998 3131 1037 3194 P.
1056 3129 1099 3194 V.
1116 3149 1185 3193 non
1198 3130 1379 3196 mancherii
1392 3129 1426 3196 di
1439 3154 1584 3216 promo-

353 3237 435 3284 uere
452 3227 573 3301 questo
589 3215 703 3282 studio
720 3237 778 3301 per
794 3215 816 3281 il
834 3217 971 3299 profitto
987 3219 1096 3283 anche
1112 3216 1191 3282 delli
1208 3217 1314 3284 nostri
1331 3218 1365 3284 di
1381 3240 1460 3303 qua,
1483 3221 1586 3289 aceio

354 3306 449 3372 siano
467 3305 592 3390 meglio
608 3303 796 3370 indrizzati.
818 3306 906 3370 Perd
922 3305 954 3370 io
972 3325 1078 3390 prego
1094 3305 1127 3370 la
1144 3307 1184 3372 P.
1204 3307 1247 3372 V.
1266 3305 1300 3370 di
1321 3328 1424 3373 cuore
1446 3310 1516 3376 che
1538 3312 1587 3378 mi

353 3393 461 3460 faccia
477 3397 604 3458 hauere
626 3415 693 3458 una
714 3392 812 3478 copia
832 3394 866 3458 di
890 3393 970 3458 tutti
993 3393 1096 3477 quelli
1120 3393 1264 3479 schollij,
1289 3398 1353 3460 che
1376 3417 1445 3461 non
1471 3399 1587 3465 ande-

354 3504 462 3550 ranno
479 3482 565 3548 fuori
582 3481 616 3547 di
634 3481 700 3548 mia
716 3503 829 3562 man0,
848 3490 883 3548 et
898 3481 943 3546 mi
959 3503 1105 3549 saranno
1121 3481 1155 3546 di
1173 3483 1276 3549 molta
1294 3483 1415 3564 utilitd,
1431 3486 1585 3557 maxime

352 3575 417 3639 che
433 3592 497 3637 con
513 3572 535 3634 l'
554 3591 669 3637 essere
685 3581 780 3636 tanto
796 3571 952 3652 lontano,
968 3591 1034 3634 non
1048 3570 1077 3635 si
1091 3573 1158 3654 pud
1172 3571 1365 3640 facilmente
1378 3594 1442 3639 con
1455 3575 1584 3643 lettere

259 3670 266 3680 “
353 3660 517 3726 risoluere
534 3658 613 3722 tutti
632 3659 679 3744 gli
695 3658 787 3742 dnbij
807 3657 996 3725 occorrenti
1012 3657 1048 3723 in
1070 3660 1117 3725 tal
1137 3659 1289 3729 materia.
1312 3663 1356 3727 Et
1374 3683 1412 3729 se
1427 3665 1507 3730 sara
1526 3666 1583 3731 bi-

353 3769 464 3833 sogno
483 3749 552 3813 fare
569 3768 669 3831 spesa
685 3748 740 3813 nel
755 3746 915 3830 copiarlo,
935 3769 1002 3812 non
1019 3747 1048 3813 si
1070 3747 1205 3814 manchi
1226 3749 1351 3833 percid,
1373 3753 1438 3819 che
1459 3751 1582 3820 auisa-

355 3847 446 3915 tone,
462 3837 624 3902 manderb
638 3836 774 3902 subbito
792 3836 816 3900 il
831 3834 1005 3921 riccapito,
1019 3847 1054 3904 et
1067 3835 1185 3904 haurei
1202 3841 1361 3905 mandato
1373 3841 1459 3905 hora
1472 3843 1582 3910 alcun

351 3927 494 4002 danaro,
517 3928 544 3989 s'
563 3925 700 3992 hauessi
720 3925 874 4004 eredut0,
897 3927 962 3993 che
984 3925 1013 3990 si
1034 3927 1105 3990 fara
1126 3925 1241 4009 copiar
1263 3927 1287 3992 il
1310 3927 1396 3994 libro
1420 3930 1465 3994 da
1485 3931 1584 3998 fora-

353 4014 457 4080 stiera
470 4033 626 4098 persona,
642 4023 677 4081 et
689 4035 758 4079 non
770 4013 804 4078 in
818 4033 908 4094 casa;
919 4024 953 4079 et
965 4035 1035 4079 non
1048 4016 1233 4099 potendose
1245 4017 1405 4083 mandare
1418 4028 1514 4084 tutto
1528 4020 1585 4086 in·

353 4102 471 4184 sieme,
502 4101 531 4168 si
558 4104 725 4187 potrebbe
752 4101 959 4180 successiue,
989 4123 1050 4188 per
1077 4103 1329 4188 quaterniones
1353 4127 1413 4191 per
1440 4105 1499 4172 via
1530 4111 1590 4176 del

354 4192 476 4257 nuntio
492 4188 690 4276 apostolic0,
710 4189 979 4256 comminciando
996 4191 1085 4258 dalla
1107 4192 1159 4275 3.‘
1180 4203 1275 4278 parte
1298 4194 1386 4261 delle
1409 4195 1591 4264 constitu-

354 4279 438 4346 tioni
455 4281 510 4345 ³...
529 4281 573 4345 Di
591 4278 737 4360 Vienna,
757 4279 812 4345 alli
833 4298 872 4366 19
887 4280 921 4344 di
938 4282 1134 4348 Nouembre
1159 4282 1254 4365 1567.
1277 4281 1323 4348 Di
1343 4283 1387 4350 V.
1412 4286 1453 4350 P.
1482 4307 1593 4356 seruo

354 4379 390 4434 et
406 4367 502 4455 figlio
519 4390 562 4436 en
574 4368 659 4455 Jesu
675 4367 752 4449 X.⁰‚

1043 4459 1216 4526 Loneuzo
1239 4461 1400 4527 Maecio.

358 4561 571 4574 ψ

410 4603 417 4632 ¹
455 4601 498 4652 Ex
512 4599 703 4670 autographo,
719 4597 749 4653 in
765 4596 839 4654 Cod.
858 4613 895 4664 20
905 4599 954 4672 g),
968 4617 1000 4653 n.
1019 4611 1066 4668 54.
1084 4598 1160 4654 Vide
1173 4617 1240 4672 pag.
1257 4614 1319 4672 551,
1334 4610 1364 4657 et
1377 4615 1442 4674 575.

406 4691 417 4720 ¹
455 4687 499 4740 En
511 4703 684 4759 responsum
697 4685 823 4757 Borgiae
836 4687 904 4741 huic
917 4688 1059 4759 epistolae
1072 4687 1170 4744 datum
1184 4689 1232 4746 die
1247 4702 1280 4760 19
1300 4689 1477 4750 Decembris
1504 4699 1589 4769 1567:
