3322 5370
416 455 470 512 420
802 441 905 496 Earsr.
926 439 960 496 P.
981 437 1186 509 Nabar-472

377 615 473 662 esser
493 601 645 679 pocca⁸,
672 591 883 659 considerate
910 590 943 660 le
968 590 1228 672 circunstantie,
1250 593 1317 658 che
1340 590 1411 658 cosi
1434 591 1452 657 ὲ
1474 610 1591 658 usanza

377 711 468 778 della
482 707 706 794 Compagnia,
725 718 759 773 et
775 707 934 774 massime
949 705 1124 774 essendosi
1143 705 1332 772 introdutta
1351 704 1385 772 in
1406 707 1490 773 altre
1509 705 1588 792 parti

377 825 467 892 della
476 821 673 891 Germania.
689 820 770 889 Cosl
784 824 894 890 anche
905 820 1073 889 conulene
1084 819 1352 889 accommodarsi
1364 821 1397 886 al
1407 829 1497 889 resto
1508 821 1588 887 della

377 937 601 1025 Compagnia,
619 947 748 1023 quanto
763 938 794 1002 al
810 957 879 1002 non
895 935 1014 1022 giocar
1027 937 1093 1004 alla
1109 938 1207 1022 palla,
1225 958 1287 1023 per
1303 958 1397 1004 esser
1411 936 1520 1023 gioco,
1537 937 1585 1002 nel

376 1057 457 1140 qual
471 1054 500 1120 si
517 1056 619 1120 fanno
635 1052 833 1118 mouimenti
845 1073 914 1118 non
930 1053 1155 1120 conueneuoli
1168 1053 1233 1120 alla
1244 1052 1410 1121 modestia
1424 1052 1582 1138 religiosa:

377 1191 438 1256 per
454 1180 548 1238 tanto
565 1169 608 1234 V.
627 1169 668 1234 R.
688 1168 720 1233 lo
736 1166 816 1234 leui.
836 1169 879 1232 Et
894 1167 917 1232 il
931 1166 1116 1236 medesimo
1133 1167 1162 1234 si
1178 1167 1253 1234 dice
1268 1168 1324 1236 del
1339 1169 1401 1234 dar
1417 1166 1584 1236 stecchiin

372 1286 502 1367 tenucla,
520 1283 640 1370 poiche
652 1282 675 1348 il
687 1293 778 1348 resto
789 1283 878 1349 della
889 1281 1102 1369 Compagnia
1117 1304 1185 1348 non
1197 1281 1219 1348 l'
1233 1305 1303 1349 usa.
1315 1282 1454 1350 Disdice
1468 1285 1585 1350 anehor

376 1399 502 1468 inuitar
519 1397 697 1479 forastieri,
711 1409 745 1464 et
762 1396 837 1463 iarli
853 1397 1026 1464 bancheti:
1040 1397 1145 1464 siche
1158 1419 1226 1464 non
1238 1397 1464 1478 sedebbifar,
1478 1419 1514 1464 se
1525 1418 1583 1463 non

375 1516 512 1600 quando
527 1516 561 1580 la
572 1535 652 1580 cosa
664 1515 698 1580 lo
712 1511 929 1593 richiedesse,
942 1523 976 1581 et
989 1535 1064 1582 rare
1077 1513 1180 1592 nolte,
1195 1523 1231 1580 et
1242 1535 1344 1582 senza
1360 1522 1457 1599 tropo
1466 1513 1494 1594 l,
1507 1523 1583 1578 stra-

375 1629 557 1710 ordinario‚
575 1629 647 1694 nisi
662 1628 842 1708 nwderau,
858 1629 926 1693 loco
941 1633 972 1693 el
991 1633 1149 1713 tempore.
1169 1627 1270 1695 Piace
1286 1627 1310 1692 il
1326 1628 1468 1714 disegno
1489 1627 1521 1694 di
1541 1629 1585 1694 sar

374 1743 568 1815 insermaria
584 1745 671 1810 della
686 1744 804 1823 stufsa,
818 1753 853 1810 et
869 1741 923 1810 all'
936 1745 1000 1808 hor
1016 1764 1084 1809 non
1100 1743 1332 1811 accaderebbe
1344 1765 1454 1810 serrar
1464 1744 1495 1810 la
1506 1743 1581 1810 fine·

374 1871 456 1941 stra,
470 1881 569 1927 come
581 1861 624 1926 V.
641 1860 681 1925 R.
697 1857 820 1924 scriue.
835 1858 901 1926 Del
913 1879 982 1926 non
998 1857 1190 1925 introdurre
1202 1879 1281 1926 cose
1297 1880 1413 1927 nuoue
1423 1869 1457 1925 et
1468 1857 1578 1937 ordini,

373 1976 563 2042 inconsulto
575 1974 745 2061 generali,
761 1971 791 2040 c'
809 1973 827 2040 ὲ
843 1975 976 2060 regola,
993 1974 1026 2039 la
1041 1974 1141 2056 quale
1156 1983 1209 2042 sta
1225 1972 1303 2040 nell’
1320 1973 1432 2040 officio
1450 1974 1493 2042 de
1511 1993 1579 2058 pro-

372 2089 520 2158 uinciali.
542 2091 608 2156 Par
624 2091 712 2158 bene
728 2091 791 2156 che
807 2088 835 2154 si
851 2087 1043 2158 trasserisca
1055 2090 1087 2156 la
1098 2088 1271 2175 parochia,
1286 2088 1427 2155 dandosi
1438 2111 1457 2155 a
1469 2097 1579 2176 pretee

372 2207 537 2286 secolare,
555 2216 590 2273 et
605 2205 634 2271 si
651 2204 736 2271 sacci
752 2204 896 2272 transito
907 2205 996 2272 dalla
1011 2225 1090 2271 casa
1105 2205 1170 2271 alla
1181 2203 1308 2286 chiesa,
1323 2226 1385 2289 per
1396 2226 1463 2270 non
1474 2225 1578 2290 passar

371 2343 433 2408 per
447 2323 480 2387 la
495 2322 609 2386 strada
621 2318 938 2388 necessariamente.

439 2457 470 2520 3.
520 2435 668 2520 Quando
692 2435 735 2500 V.
760 2436 800 2500 R.
824 2433 949 2502 anderu
977 2456 997 2500 a
1025 2433 1157 2520 Parigi,
1177 2434 1301 2502 uederb
1325 2433 1471 2502 comesi
1494 2432 1575 2520 potri

371 2552 511 2620 mandat
526 2551 558 2618 ld
573 2549 597 2615 il
614 2552 654 2616 P.
676 2549 789 2617 Pietro
805 2549 1001 2618 coloniense
1016 2552 1023 2582 ¹
1041 2573 1061 2616 a
1076 2549 1240 2630 studiare;
1257 2571 1313 2615 ma
1329 2550 1387 2634 qui
1403 2549 1575 2636 reputiamo

370 2690 431 2754 per
447 2665 586 2732 difficile
601 2673 722 2748 questa
738 2685 830 2744 cosa,
849 2685 909 2750 per
929 2685 997 2730 non
1017 2665 1124 2731 hauet
1140 2663 1164 2731 ll
1186 2664 1209 2730 il
1230 2665 1330 2730 modo
1344 2665 1379 2730 di
1396 2675 1574 2730 mantenere

369 2782 427 2869 piu
443 2781 478 2847 di
494 2779 599 2865 quelli
615 2781 681 2845 che
696 2778 730 2845 ui
747 2800 843 2859 sono,
861 2777 1020 2846 massime
1035 2780 1194 2847 hauendo
1210 2801 1231 2845 a
1245 2779 1354 2845 seruir
1369 2779 1424 2865 poi
1445 2780 1486 2845 ad
1500 2778 1573 2844 altra

369 2896 566 2984 prouincia,
587 2916 625 2962 se
644 2893 701 2980 gia
721 2916 790 2960 non
811 2893 848 2958 ui
866 2904 975 2962 stesse
995 2917 1015 2960 a
1035 2915 1097 2961 sue
1112 2914 1226 2980 spese.
1244 2898 1345 2962 Mtro.
1360 2895 1487 2983 Jodoco
1506 2895 1534 2958 fa
1553 2891 1570 2956 li

368 3011 531 3097 essercitij
549 3031 628 3095 qua,
646 3021 680 3077 et
697 3011 823 3078 uedero
839 3009 951 3094 quello
972 3011 1037 3075 che
1057 3009 1132 3076 sarai
1152 3009 1381 3078 conueniente
1401 3032 1459 3096 per
1475 3009 1496 3074 il
1510 3029 1570 3074 ser-

368 3127 504 3194 uitiodi
520 3125 598 3193 Dio.

434 3261 466 3325 4.
515 3225 543 3308 l]
560 3241 647 3309 bene
663 3243 727 3308 che
742 3239 770 3305 si
788 3239 887 3306 suoni
902 3238 924 3305 l'
936 3241 1012 3306 Aue
1023 3239 1142 3306 Maria
1155 3261 1175 3306 a
1187 3240 1290 3326 tempi
1302 3241 1405 3321 soliti,
1422 3251 1456 3308 et
1470 3242 1497 3309 si
1512 3261 1570 3307 ma-

366 3355 558 3443 rauigliano
573 3375 670 3422 corne
685 3376 756 3421 non
771 3353 801 3420 si
825 3355 964 3421 lacesse.
984 3355 1030 3422 Se
1045 3354 1074 3420 si
1090 3359 1158 3440 puo
1175 3377 1277 3424 senza
1293 3357 1452 3424 scandalo
1466 3354 1571 3424 lasciar

366 3471 401 3539 di
416 3471 533 3539 offerir
549 3493 569 3537 a
584 3491 694 3538 messe
709 3489 836 3550 nuoue,
854 3491 875 3535 o
890 3470 1105 3550 altramente,
1124 3469 1152 3535 si
1169 3469 1252 3537 lasci
1267 3493 1275 3552 ;
1294 3493 1349 3538 ma
1369 3473 1457 3540 doue
1471 3493 1534 3538 non
1546 3465 1568 3533 si

366 3587 478 3672 potrd,
497 3587 529 3652 lo
546 3584 680 3651 saccino
696 3584 810 3669 pochi,
828 3595 864 3650 et
880 3583 933 3651 all’
950 3586 1013 3650 hor
1029 3584 1117 3652 saria
1137 3586 1225 3654 bene
1245 3587 1311 3653 che
1326 3587 1394 3655 essi
1414 3585 1509 3656 stessi
1522 3581 1568 3651 ch’

366 3705 481 3770 hanno
508 3701 552 3767 da
575 3700 700 3780 olferir,
726 3699 921 3767 dimandino
946 3700 980 3766 di
1002 3699 1158 3787 limosina
1179 3703 1322 3787 qualche
1346 3703 1513 3787 quattrino
1532 3699 1566 3765 ad

365 3817 477 3886 alcun’
491 3815 612 3897 amicO,
626 3815 785 3882 accioche
797 3825 925 3900 quanto
937 3814 994 3901 piu
1007 3813 1035 3882 si
1048 3820 1128 3901 pub,
1143 3814 1171 3882 si
1185 3817 1342 3884 conserui
1354 3819 1386 3884 la
1403 3817 1532 3904 pouerti
1541 3813 1564 3890 l,

364 3953 500 4018 avnque
515 3953 561 4017 yo
578 3937 649 3996 mas
665 3929 786 3998 desseo
801 3950 868 4014 que
883 3930 939 3998 del
956 3931 1036 3997 todo
1051 3951 1089 3998 se
1104 3929 1209 4016 quite.
1229 3931 1330 3999 Circa
1346 3932 1370 3999 il
1391 3944 1484 4002 tener
1503 3927 1566 3998 libri

363 4047 519 4129 heretici,
538 4045 614 4113 dico
629 4047 696 4112 che
711 4045 740 4111 si
757 4044 924 4131 tenghino
940 4044 1044 4130 quelli
1060 4045 1122 4112 soli
1138 4047 1204 4115 che
1219 4069 1317 4114 sarah
1338 4048 1497 4134 necesarij
1518 4065 1567 4132 per

364 4161 575 4248 impugnare,
595 4172 629 4229 et
644 4159 754 4227 stiano
771 4161 875 4226 molto
890 4160 958 4228 ben
975 4159 1113 4241 serrati,
1132 4161 1174 4228 ne
1195 4160 1217 4227 li
1234 4163 1401 4249 legghino
1420 4163 1493 4230 altri
1514 4163 1568 4227 che

415 4341 432 4380 ⁸
459 4329 476 4384 3
489 4331 579 4385 verba
592 4347 673 4402 seqq.
688 4345 776 4400 supra
789 4345 866 4382 vers.
881 4326 993 4383 addidit
1005 4327 1132 4384 libr.-b
1143 4329 1208 4384 Hoc
1222 4330 1305 4385 verb.
1325 4330 1436 4388 addidit
1455 4332 1516 4388 Pol.
1531 4343 1567 4382 su·

360 4437 412 4492 pra
425 4431 555 4475 vers.·-c
572 4419 636 4474 Hoc
651 4420 736 4474 verb.
753 4416 866 4472 addidit
879 4416 945 4472 libr.
961 4433 1047 4489 supra
1065 4417 1197 4473 vers-d
1226 4435 1243 4489 9
1261 4421 1351 4475 verba
1365 4438 1449 4494 seqq.
1473 4415 1566 4476 addidit

360 4510 481 4580 Borgia.

415 4645 422 4676 ¹
460 4641 565 4696 Petrus
578 4609 742 4695 Michaelis.
761 4638 837 4694 Vide
851 4639 941 4711 epist.
959 4637 1023 4710 538,
1036 4647 1138 4695 annot.
1156 4638 1182 4694 3.
