3322 5376
409 486 463 558 45⁶
795 487 900 544 Eersr.
920 487 956 541 P.
975 485 1179 559 Nauna-478

373 651 446 708 tare
463 640 486 705 l'
504 638 623 708 ordine
637 641 681 708 de
697 641 741 708 N.
763 641 807 708 P.
820 643 906 708 Mro.
923 639 1071 726 Laynez.
1088 638 1219 707 Perchi
1236 661 1339 708 senza
1353 649 1476 727 questo
1487 642 1586 710 nonsi

374 757 443 842 pud
459 754 576 824 venire
592 755 623 822 al
645 753 857 840 particolare.
876 754 902 820 ll
924 752 977 838 3.⁰
992 753 1060 822 che
1080 754 1193 821 uorrei
1207 775 1327 841 sapere
1346 756 1435 822 dalla
1457 757 1498 822 P.
1516 757 1555 824 V.
1571 757 1585 822 ὲ

243 944 256 966 .
374 880 508 956 quest0,
531 870 628 937 cioe:
652 871 691 935 in
706 874 865 936 euentum
892 869 957 936 ohe
984 867 1041 936 nel
1059 887 1208 936 vescouo
1235 868 1269 935 di
1297 869 1487 958 Herbipoli,
1515 869 1584 938 nelli

373 984 533 1053 canonici
553 985 587 1050 di
613 984 713 1072 Spita
732 981 885 1054 volesino
907 981 1033 1072 passar'
1054 983 1171 1052 auanti
1191 983 1280 1053 nelle
1300 983 1492 1052 fundationi
1508 986 1583 1064 loro,

374 1100 531 1168 vedendo
554 1103 618 1168 che
642 1101 674 1166 la
698 1099 913 1188 Compagnia
934 1119 1001 1166 non
1026 1098 1054 1165 si
1074 1099 1184 1168 vuole¹
1199 1098 1363 1186 obligare,
1380 1100 1534 1168 almanco
1554 1121 1584 1166 se

374 1223 495 1294 stessa,
510 1237 614 1284 senza
629 1215 772 1302 rispetto
788 1216 874 1296 loro,
888 1236 908 1280 a
923 1215 1006 1281 dare
1021 1211 1136 1281 lettori
1151 1212 1184 1278 di
1203 1213 1376 1300 theologia
1391 1224 1428 1282 et
1443 1213 1580 1300 predica·

374 1327 465 1396 tori·
480 1381 487 1410 ,
505 1331 635 1417 perche
650 1329 693 1396 de
711 1324 898 1397 confessori
915 1349 983 1395 non
1000 1325 1026 1394 s'
1043 1327 1063 1394 ἑ
1083 1329 1224 1414 parlat0;
1247 1336 1283 1396 et
1302 1349 1371 1394 non
1387 1330 1585 1398 condescen-

372 1442 486 1510 dendo
501 1444 534 1511 la
551 1447 591 1512 P.
610 1445 654 1513 V.
666 1444 695 1526 b,
713 1444 743 1512 si
759 1465 857 1512 corne
872 1443 961 1512 nelle
980 1443 1101 1512 lettere
1115 1441 1151 1509 di
1167 1443 1315 1511 Febraro
1330 1431 1585 1530 significandi

371 1558 452 1626 dare
471 1559 611 1627 alchun'
629 1558 748 1628 ordine
770 1559 802 1627 al
824 1569 951 1628 rettore
971 1579 992 1624 0
1013 1556 1245 1644 prouinciale,
1268 1566 1350 1640 eto,
1367 1579 1407 1626 se
1422 1557 1459 1624 in
1479 1569 1586 1644 quoto

371 1693 463 1757 caso,
481 1675 642 1742 hauendo
657 1686 792 1761 passato
809 1675 841 1743 la
860 1691 941 1742 cosa
963 1683 1058 1740 tanto
1078 1672 1210 1754 auanti,
1228 1671 1257 1738 si
1277 1674 1469 1770 puotrebbe
1484 1673 1585 1741 venire

371 1811 393 1855 a
408 1798 542 1874 questo:
561 1791 628 1859 che
645 1790 674 1858 si
684 1801 699 1835 ο
710 1789 816 1858 dicesi
833 1787 889 1855 alli
905 1786 1061 1856 canonici
1076 1798 1111 1855 et
1125 1787 1158 1854 al
1170 1807 1333 1869 vescouo‚
1348 1789 1417 1858 che
1432 1787 1490 1856 noi
1500 1788 1584 1855 inco-

282 1971 287 1983 ,
372 1903 674 1989 minciarebbemo‚
703 1906 833 1974 sicome
860 1904 1043 1972 habbiamo
1073 1901 1313 1970 incominciato
1341 1901 1376 1969 in
1403 1902 1533 1971 Treuiri
1555 1915 1583 1971 et

373 2017 574 2106 Mogontia,
592 2041 696 2088 senza
716 2019 924 2108 obligatione
942 2019 987 2086 da
1008 2018 1031 2084 l'
1049 2039 1117 2084 una
1132 2017 1175 2086 nd
1194 2017 1274 2084 dell'
1291 2018 1377 2085 altra
1394 2029 1507 2106 parte,
1523 2019 1583 2086 solo

371 2151 440 2200 con
455 2155 631 2220 speranza,
650 2144 718 2204 etc.
737 2137 781 2203 Et
796 2134 893 2221 quasi
914 2134 949 2201 in
970 2143 1060 2200 tutto
1079 2133 1103 2198 il
1122 2142 1214 2200 resto
1229 2132 1264 2199 d'
1288 2133 1498 2220 Alamagna‚
1520 2135 1583 2201 Au·

372 2246 467 2328 stria,
487 2257 569 2332 eto,
587 2249 616 2318 si
632 2251 652 2317 ὲ
668 2251 753 2318 fatto
768 2248 853 2319 cosi.
869 2251 913 2316 Et
928 2248 963 2316 di
977 2258 1099 2335 questo
1116 2248 1219 2315 modo
1235 2247 1583 2318 inoominciarebbeno
1652 2291 1653 2334 3

372 2363 541 2450 alegger'
554 2384 619 2431 con
635 2365 756 2434 liberta
767 2365 823 2432 dal
839 2374 942 2433 canto
957 2385 1021 2432 suo
1035 2373 1070 2431 et
1086 2373 1214 2430 nostro.
1228 2364 1276 2444 10,
1292 2365 1413 2448 Padre,
1430 2365 1584 2432 riceuutte
1652 2337 1653 2364 ³

374 2487 496 2564 queste
519 2479 638 2549 lettere
658 2479 794 2562 ultime,
812 2482 894 2547 oxui
913 2482 1115 2546 vuluersum
1135 2479 1316 2560 iudicium,
1335 2480 1511 2566 pensando
1530 2481 1584 2547 che

374 2611 442 2658 non
460 2611 523 2659 son
538 2593 599 2680 pid
615 2593 722 2662 libero
737 2593 773 2661 in
787 2605 909 2680 questo
924 2593 1072 2681 negotio.
1094 2592 1266 2675 Tuttavia,
1287 2595 1446 2662 vadendo
1460 2595 1492 2662 la
1505 2593 1583 2660 diffi-

372 2707 461 2774 colti
477 2709 542 2776 che
558 2719 656 2778 sente
670 2709 695 2776 il
712 2711 752 2778 P.
771 2709 921 2790 Canisio,
939 2711 1005 2776 che
1027 2709 1048 2775 ὁ
1070 2710 1220 2794 grande,
1238 2709 1389 2777 secondo
1408 2711 1478 2779 che
1493 2710 1534 2775 nri
1547 2708 1583 2776 si·

373 2820 500 2908 gnifica
515 2823 758 2905 chiaramente‚
777 2833 812 2892 et
839 2825 1013 2910 pensando
1039 2821 1142 2892 etiam
1168 2822 1270 2892 esser'
1286 2825 1318 2890 la
1344 2824 1485 2892 volonti
1508 2823 1582 2892 della
1651 2891 1652 2896 ,

373 2937 414 3004 Ρ.
433 2936 477 3004 V.
496 2939 554 3004 ch'
571 2938 604 3005 io
619 2939 754 3008 mettesi
770 2939 805 3006 in
825 2939 982 3006 consulta
996 2960 1034 3006 se
1049 2941 1185 3006 haueua
1206 2939 1249 3006 da
1269 2950 1441 3026 asportare
1456 2940 1582 3026 risposta
1651 2923 1652 2964 l

373 3050 438 3118 alle
452 3051 520 3121 mie
535 3053 668 3134 lettere,
686 3055 753 3121 che
769 3055 816 3121 ho
832 3052 949 3123 scritto
964 3053 998 3120 di
1014 3074 1082 3139 qua
1097 3053 1153 3120 alli
1173 3073 1212 3121 10
1231 3055 1253 3134 ¹,
1271 3064 1307 3122 et
1321 3053 1413 3141 dipoi
1431 3056 1581 3139 vnadup-

371 3164 497 3251 plicata
513 3167 568 3234 alli
585 3185 627 3235 20
642 3169 686 3238 de
701 3179 822 3256 questo
838 3170 864 3250 ¹,
882 3168 1051 3236 consultai
1066 3190 1166 3256 sopra
1181 3167 1216 3235 di
1232 3167 1287 3237 oid
1303 3167 1581 3256 ilprouineialedi

372 3280 503 3348 Franza
515 3283 540 3363 ³,
558 3293 593 3350 et
608 3282 633 3348 il
647 3283 859 3370 prouinciale
875 3284 930 3352 del
945 3286 1068 3351 Rheno
1080 3284 1106 3365 ⁴,
1124 3283 1290 3352 ilrettore
1306 3282 1340 3350 di
1356 3295 1480 3372 questo
1493 3285 1581 3350 colle·

372 3393 430 3482 gio
443 3399 467 3476 ⁸,
484 3408 520 3465 et
536 3399 624 3466 Mro.
644 3398 809 3468 Ximenez
826 3401 851 3482 ⁶,
870 3409 906 3467 et
922 3399 1002 3466 tutti
1026 3421 1156 3488 magno
1178 3419 1342 3466 oonseneu
1357 3400 1471 3468 dinero
1486 3401 1545 3466 che
1558 3399 1581 3464 s'

370 3512 532 3597 aspettasi
547 3514 579 3579 la
595 3512 755 3600 risposta3
774 3513 859 3582 etin
875 3524 982 3596 tanto,
1002 3515 1070 3584 che
1089 3536 1157 3582 non
1173 3514 1202 3583 si
1218 3512 1373 3584 dicesero
1389 3514 1420 3583 le
1437 3515 1583 3583 difficolli

370 3625 438 3694 che
453 3626 487 3693 la
502 3626 535 3694 la
552 3629 591 3694 P.
608 3630 651 3695 V.
670 3651 690 3697 a
707 3629 810 3714 quelli
826 3629 1011 3697 fundatori.
1027 3631 1072 3697 Et
1087 3651 1107 3697 a
1124 3651 1179 3697 me
1191 3629 1236 3696 mi
1249 3651 1347 3716 porse
1362 3629 1578 3704 ilmedesino

370 3748 407 3805 et
422 3740 494 3807 cosi
511 3743 557 3808 ho
572 3743 689 3810 scritto
704 3744 737 3810 al
753 3745 793 3812 P.
812 3744 952 3812 Canisio
963 3747 1027 3812 che
1043 3745 1167 3832 aspetti
1179 3753 1299 3832 questa
1313 3743 1469 3832 risposta,
1487 3756 1519 3813 et
1532 3743 1579 3808 ch'

370 3851 406 3920 in
423 3863 530 3940 tanto,
545 3877 581 3925 se
597 3879 685 3926 vene
699 3858 723 3924 il
741 3860 780 3927 P.
799 3861 880 3940 Fae,
895 3859 928 3927 lo
945 3859 1071 3942 mandi,
1086 3869 1122 3929 et
1133 3861 1199 3927 che
1214 3858 1326 3928 serina
1335 3863 1454 3946 primo
1467 3875 1580 3946 quoque

370 3972 518 4053 tempore
533 3992 553 4036 a
569 3971 767 4060 monsignor
782 3971 818 4039 di
835 3974 1013 4062 Herbipoli
1031 3979 1054 4056 ¹,
1069 3974 1313 4043 aduertendolo
1326 3977 1393 4044 che
1408 3997 1475 4043 non
1488 3972 1581 4041 facila

424 4181 441 4214 ⁸
468 4175 590 4242 7verba
603 4191 688 4248 seqq.
705 4175 817 4233 arnon
830 4177 897 4234 nn.
912 4178 942 4235 n
956 4182 1111 4251 mog.-=›
1124 4180 1265 4256 Sequitur
1280 4199 1298 4238 ο
1315 4182 1348 4239 n
1365 4142 1581 4240 onninam-
1649 4139 1650 4170 ¹

372 4269 386 4302 c
399 4260 593 4318 Emendatum
607 4280 624 4319 a
637 4265 704 4320 libr.
719 4281 757 4320 ex
770 4267 814 4322 io.

424 4411 431 4443 ¹
471 4410 602 4486 Scilicet,
617 4413 742 4487 epistola
753 4428 818 4489 475,
832 4435 908 4491 quae
921 4435 980 4476 non
995 4432 1028 4476 ιο
1043 4421 1096 4477 sed
1111 4433 1142 4476 11
1157 4421 1268 4495 Aprilis
1279 4421 1347 4478 data
1360 4421 1427 4480 fuit.

424 4503 435 4536 ¹
472 4501 620 4573 Epistolae
634 4521 680 4560 sc.
697 4504 751 4575 476
764 4513 794 4561 et
810 4517 873 4576 477.
1107 4511 1119 4545 ⁸
1156 4509 1484 4569 Oliveriusldmreun.

425 4591 438 4623 ⁴
475 4591 622 4647 Antonius
635 4593 756 4650 Winclr.
1107 4603 1119 4636 ⁸
1156 4601 1514 4674 Hermannus'l'lryraeus.

423 4677 435 4712 ⁰
472 4678 614 4749 Jacobus,
630 4682 728 4738 socius
741 4682 869 4741 Natalis.
1109 4689 1121 4722 ἵ
1157 4688 1526 4760 fridericuuwnrbern.
