3456 5386
661 473 774 543 run
795 473 864 542 1⁵⁶⁶
1090 435 1093 440 “
1286 475 1399 532 103.

185 625 227 692 alli
248 623 387 692 catholici
411 636 446 694 et
477 645 621 693 cessano
646 625 680 692 d’
711 646 879 712 occupare
905 628 1113 714 monasterii,
1143 629 1270 709 chiese,
1303 641 1369 698 etc.

184 742 293 825 11ε15.ο
311 740 337 807 si
357 740 555 828 guadagnia
578 743 643 809 che
663 761 779 828 puono
799 739 835 807 in
861 741 943 828 ogni
959 744 1061 810 modo
1081 765 1194 812 essere
1214 744 1372 832 castigati
1464 732 1465 735 ¹

183 855 274 921 tortili
288 853 479 936 caluiniani,
496 855 703 941 anabaptisti
718 865 753 922 et
768 854 803 921 di
820 865 909 923 tutte
920 859 943 923 l'
961 859 1047 925 altre
1058 869 1158 931 sette.

230 971 275 1036 6?
313 972 399 1038 116.ο
411 993 483 1037 non
496 973 540 1038 dai
551 970 689 1040 licentia
701 995 721 1039 a
732 970 864 1038 nissun'
878 973 1122 1054 ecclesiastico,
1137 979 1175 1039 ut
1186 975 1332 1059 deficiet,
1341 981 1372 1040 et

179 1087 207 1149 in
219 1086 404 1151 uniuersum
417 1088 451 1153 la
464 1086 586 1153 liberta
601 1087 691 1153 della
701 1086 868 1172 religione
880 1109 952 1154 non
963 1087 993 1154 si
1004 1089 1169 1156 confirma
1181 1089 1217 1157 in
1230 1089 1372 1155 nissuna

177 1200 308 1282 maniera;
323 1204 392 1266 imo
404 1201 551 1269 essendo
561 1201 758 1268 dimandata
778 1222 843 1268 con
859 1223 946 1288 gran
963 1202 1051 1270 furia
1067 1202 1146 1270 dalli
1167 1203 1367 1288 aduersarij,

172 1315 533 1384 manantissimamente
548 1317 585 1382 fu
597 1326 724 1402 negata
735 1316 815 1382 dalli
831 1317 1003 1398 catholici,
1018 1327 1053 1386 et
1069 1318 1149 1385 nell'
1167 1319 1252 1385 altre
1265 1318 1367 1398 dicte,

169 1443 197 1496 et
207 1431 432 1516 specialmente
447 1431 485 1497 in
500 1441 621 1517 questa
636 1431 671 1496 d'
688 1431 823 1500 adesso.
843 1431 888 1499 Di
909 1434 1011 1498 modo
1026 1436 1091 1502 che
1106 1435 1186 1519 qual
1206 1433 1235 1500 si
1254 1433 1371 1520 uoglia
1478 1443 1479 1448 ’

168 1545 322 1628 catholico,
345 1547 414 1632 pud
439 1567 555 1615 essere
582 1545 752 1633 castigato
767 1555 803 1612 et
818 1546 992 1633 impedito,
1017 1549 1049 1614 si
1064 1571 1086 1614 a
1102 1547 1177 1634 fide
1198 1549 1311 1636 deficit
1332 1550 1370 1614 iu

168 1661 286 1727 sautu
300 1661 485 1742 catholicis,
501 1663 621 1728 saltem
632 1669 699 1747 per
714 1663 869 1743 exilium,
886 1664 974 1748 quod
993 1664 1039 1728 ad
1058 1685 1175 1730 omues
1195 1666 1325 1744 attinet,
1340 1669 1371 1730 et

168 1777 196 1840 in
210 1778 432 1844 uckuasticis
449 1779 552 1844 etiem
565 1785 631 1863 per
647 1779 869 1844 amissionem
894 1779 1070 1860 bonorum,
1082 1800 1180 1848 come
1196 1780 1261 1847 ela
1276 1790 1371 1865 prat-

165 1893 219 1958 tica
231 1893 262 1958 di
276 1892 379 1978 quelli
394 1891 552 1978 principi,
566 1895 631 1961 che
647 1892 810 1979 uogliono
821 1904 856 1960 et
867 1892 1047 1961 ardiscono
1058 1916 1078 1961 a
1090 1896 1187 1960 farlo.
1204 1894 1320 1977 Siche,
1334 1894 1369 1960 in

164 2019 265 2091 questo
274 2008 415 2075 articolo
426 2009 456 2074 si
469 2007 678 2096 guadagnia,
692 2010 757 2074 che
769 2009 892 2095 giache
904 2010 947 2075 de
959 2009 1050 2077 facto
1061 2013 1121 2076 un'
1136 2009 1370 2077 ecclesiastico

162 2129 210 2188 cut
217 2125 330 2208 plures
346 2123 531 2210 deficerent
545 2147 567 2189 a
581 2123 666 2210 fide,
688 2128 814 2208 tamen,
830 2144 873 2190 ex
888 2145 1055 2191 concensu
1071 2125 1370 2204 aduersariorum,

162 2248 277 2306 restano
291 2239 315 2305 li
330 2239 411 2307 beni
428 2237 651 2308 ecclesiastici
667 2239 707 2304 iu
722 2239 860 2305 ecclesia
878 2241 958 2320 Dei,
980 2245 1011 2306 et
1031 2261 1101 2305 uon
1122 2245 1304 2306 transeunt
1324 2239 1370 2304 ad

162 2355 373 2435 aduusorios,
390 2354 415 2419 il
430 2357 495 2421 che
510 2354 583 2420 loro
598 2374 664 2422 con
680 2375 768 2440 gran
784 2352 961 2422 terribilita
976 2357 1091 2422 hanno
1103 2356 1222 2430 uoluto
1237 2373 1370 2440 sempre

162 2479 307 2538 ottenere.

217 2584 264 2666 7.⁰
307 2586 332 2650 ss
350 2584 403 2668 7.⁰
419 2606 490 2651 non
505 2587 526 2651 e
541 2585 626 2650 altra
642 2605 737 2665 cosa,
757 2606 793 2651 se
805 2605 876 2650 non
891 2584 1000 2670 patire
1015 2583 1040 2650 li
1060 2582 1219 2651 catholici
1239 2594 1274 2651 et
1292 2605 1370 2652 sus·

165 2701 292 2783 pendere
301 2701 468 2766 actionem
477 2699 512 2764 in
525 2698 629 2784 quelli
641 2697 721 2766 beni
730 2701 795 2767 che
807 2720 892 2765 sono
904 2695 983 2766 stati
995 2698 1131 2765 rubbati
1139 2699 1228 2765 dalla
1240 2698 1367 2780 chiesa,

165 2813 183 2878 li
195 2816 274 2898 quali
284 2815 319 2881 in
332 2813 475 2881 nissuna
486 2813 638 2882 maniera
649 2813 673 2880 li
685 2835 800 2900 puono
812 2813 985 2900 ricuperar
995 2813 1107 2880 insino
1119 2817 1182 2880 che
1196 2813 1219 2879 il
1231 2813 1369 2900 signore

165 2929 243 2996 lddio
256 2931 309 2998 dia
323 2931 397 2997 loro
415 2931 507 2996 forze
528 2953 589 3016 per
605 2930 702 2996 farlo
725 2919 794 2997 'Nel
816 2929 1001 2997 medesimo
1021 2950 1092 2995 non
1113 2928 1192 2996 sisa
1211 2931 1309 3010 altr0‚
1332 2949 1368 2995 se

163 3065 218 3110 non
232 3045 407 3131 prohibere
419 3044 476 3112 alli
492 3043 597 3111 iudici
612 3045 635 3110 l'
653 3043 895 3130 essequutione
911 3045 966 3110 del
979 3045 1034 3110 ius
1045 3046 1110 3112 che
1121 3043 1295 3129 apartiene
1310 3042 1367 3109 alli

161 3161 296 3228 catholici
311 3182 412 3247 sopra
427 3161 462 3226 la
476 3159 737 3246 recuperatione
752 3161 795 3227 de
810 3159 895 3227 detti
911 3159 1002 3245 benj.

213 3275 259 3340 8.ο
301 3277 367 3343 Nel
383 3275 436 3341 8.⁰
452 3275 481 3342 si
498 3277 587 3343 uede
601 3277 666 3342 che
681 3285 951 3360 espressamente
966 3275 1012 3340 od
1032 3281 1162 3360 tempm
1183 3273 1366 3360 suspendi-

160 3395 208 3454 tur
220 3413 346 3480 magua
358 3411 402 3458 ex
413 3396 514 3478 porte
529 3391 709 3476 exequutio
720 3390 961 3458 eclesiasticae
977 3390 1228 3456 iurisdictionis
1244 3394 1363 3454 contro

155 3509 415 3588 precantatur
427 3510 542 3572 tomen
553 3507 672 3591 aliqua
683 3506 861 3586 retinetur,
875 3511 912 3570 ut
923 3505 1050 3572 dictum
1063 3510 1112 3570 est
1123 3507 1145 3570 6
1150 3505 1177 3569 .⁰
1189 3504 1361 3587 articulo).

211 3619 259 3706 9.⁰
301 3623 398 3710 119.ο
414 3622 565 3706 prouede
580 3622 645 3688 che
660 3619 802 3686 nissuno
817 3620 896 3688 dell'
916 3641 983 3687 una
1003 3607 1169 3706 religione
1192 3620 1268 3684 sara
1283 3618 1363 3683 dall'

159 3733 228 3802 altra
238 3737 384 3802 siorzato
400 3757 460 3822 per
475 3733 643 3822 prettiche
658 3733 817 3802 seditiose
833 3737 997 3802 oforzose
1010 3735 1086 3822 (che
1097 3735 1169 3800 cosi
1181 3737 1208 3800 s’
1224 3732 1363 3800 intende

158 3846 303 3934 laperola
318 3851 494 3930 thedesca,
507 3851 688 3936 practicis)
701 3872 723 3916 o
739 3849 867 3916 aiutato
882 3860 1002 3917 contra
1020 3847 1211 3935 magistrati
1232 3859 1298 3916 etc.
1318 3847 1363 3914 Di

158 3965 242 4031 modo
256 3969 318 4035 che
329 3967 359 4033 si
376 3967 454 4034 leua
470 3965 529 4053 qui
544 3966 566 4031 l'
583 3964 826 4050 essequutioue
841 3966 876 4030 d’
892 3965 1023 4033 aiutare
1038 3974 1073 4033 et
1088 3963 1220 4032 ridurre
1243 3962 1267 4028 li
1283 3985 1361 4048 pro-

157 4082 277 4148 testanti
290 4105 351 4170 per
368 4083 425 4149 uie
441 4081 634 4150 coactiueo
654 4080 827 4150 seditiose:
846 4091 934 4149 tutte
953 4082 976 4147 l’
999 4081 1084 4148 altre
1105 4079 1134 4146 si
1154 4078 1304 4146 lasciano
1320 4079 1362 4144 li-

156 4195 233 4278 bere,
249 4219 344 4270 come
370 4197 400 4265 si
420 4198 509 4264 uede
529 4198 587 4266 nel
603 4195 654 4280 3.⁰
674 4195 832 4276 articolo,
845 4195 1012 4263 riseruato
1026 4197 1049 4260 l'
1068 4194 1193 4274 essilio,
1217 4204 1264 4273 et,
1283 4192 1362 4261 nelli

156 4313 368 4394 ecclesiastici,
388 4314 421 4380 la
437 4311 629 4399 priuatione
642 4313 687 4381 de
703 4311 783 4379 tutti
799 4310 890 4392 beni,
914 4311 1039 4378 sicome
1055 4311 1182 4378 edetto
1198 4309 1232 4375 di
1248 4329 1358 4395 sopra.

208 4427 320 4496 nor.
344 4428 418 4498 10.⁰
464 4429 531 4497 Nel
550 4427 621 4494 ιο,θ
637 4449 707 4494 non
722 4427 751 4494 si
766 4428 811 4494 dir
829 4427 915 4495 altra
930 4425 1052 4495 liberti
1071 4425 1128 4492 alli
1148 4423 1317 4504 catholici,
1340 4445 1361 4488 o

155 4561 171 4604 a
188 4544 277 4626 quelli
302 4547 383 4614 dell’
402 4554 609 4632 augustana,
631 4565 669 4612 se
690 4564 760 4609 non
781 4545 846 4610 che
867 4564 927 4629 per
947 4543 981 4608 la
1000 4563 1063 4608 sua
1089 4539 1267 4627 religione,
1292 4561 1361 4605 non

157 4658 272 4738 possino
285 4681 402 4730 essere
417 4659 558 4727 sforzati
573 4682 594 4726 a
610 4671 700 4726 stare
716 4660 769 4725 fra
783 4657 887 4744 quelli
899 4658 987 4726 della
998 4655 1167 4724 contraria
1182 4654 1359 4742 religione,
