3414 5374
784 513 888 570 Enrsr.
909 510 943 566 P.
963 511 1165 584 Numi-592

685 871 726 937 P.
757 871 1065 942 HIERONYMUS
1088 872 1253 940 NADAL

595 1001 733 1058 essm
763 1003 1012 1064 EvERARDO
1041 1003 1345 1064 usncorrmuo

734 1132 853 1185 urens,
867 1133 902 1192 ²9
919 1133 1090 1178 rensuum
1110 1123 1178 1192 1576
1193 1125 1214 1177 ¹.

537 1235 583 1290 De
595 1252 652 1290 sua
663 1235 848 1300 valetudine,
861 1240 890 1292 et
902 1237 938 1292 do
949 1236 1064 1292 duobus
1075 1235 1267 1308 adjutoribus
1278 1238 1307 1293 ei
1318 1237 1407 1293 datis.

427 1357 577 1444 †Molto
605 1360 690 1427 Rdo.
713 1362 753 1427 Ρ.
777 1361 821 1427 N.
845 1359 882 1426 in
908 1360 972 1428 X.⁰
995 1363 1067 1428 Pax
1094 1360 1160 1427 Χ.Ι
1183 1362 1241 1427 Ηο
1260 1372 1438 1428 resceuuta
1464 1360 1579 1446 quelle·

358 1472 448 1540 della
464 1476 505 1540 Ρ.
524 1475 568 1542 V.
586 1474 621 1540 di
638 1493 681 1562 29
696 1475 731 1540 di
746 1477 909 1544 Gennaro
924 1489 1046 1561 questa
1061 1475 1258 1558 settimana,
1276 1476 1342 1543 alla
1358 1477 1435 1560 qual
1458 1497 1526 1542 non
1541 1477 1576 1541 c*

360 1590 496 1657 bache
516 1589 705 1675 risponder,
728 1611 834 1658 senon
855 1590 1038 1678 ringratiar
1053 1590 1279 1659 humilmente
1299 1613 1320 1656 a
1336 1591 1380 1658 V.
1399 1593 1434 1657 Ρ.
1453 1594 1488 1655 in
1506 1593 1577 1657 Do·

361 1705 465 1784 mino,
478 1726 538 1790 per
552 1706 586 1772 la
601 1706 763 1773 memoria
779 1708 843 1773 che
859 1707 905 1773 ha
920 1705 955 1773 di
971 1727 1038 1790 me,
1054 1727 1188 1793 sempre
1199 1707 1300 1773 bona.
1315 1707 1382 1773 Del
1392 1704 1571 1773 extraordi-

361 1818 456 1886 nario
472 1829 604 1888 catarro
620 1823 675 1888 del
690 1843 783 1889 mese
799 1831 935 1907 passato
951 1821 999 1887 mi
1015 1821 1173 1889 drestata
1187 1842 1256 1886 vna
1267 1821 1356 1888 mala
1367 1819 1567 1906 disposition,

361 1934 463 2002 etiam
481 1948 603 2020 questo
616 1959 721 2005 mese.
740 1938 848 2023 Spero
863 1941 955 2005 staro
971 1935 1098 2024 meglio
1113 1957 1180 2002 con
1196 1937 1228 2001 la
1244 1935 1354 2022 gratia
1369 1936 1424 2004 del
1439 1935 1568 2022 Signor,

361 2071 423 2136 per
438 2052 470 2118 le
485 2051 637 2120 oratione
652 2052 687 2117 di
703 2053 740 2120 S.
760 2053 800 2120 Ρ.
819 2051 856 2120 Si
873 2062 964 2120 teme
978 2053 1142 2138 podagra.
1160 2051 1219 2118 Gli
1236 2051 1357 2119 medici
1379 2051 1568 2119 consultano

362 2185 400 2233 se
416 2165 504 2233 seria
519 2166 610 2232 bono
625 2165 750 2253 pigliar
769 2167 801 2234 la
822 2167 932 2234 docha
954 2188 975 2233 a
996 2168 1130 2248 Padua,
1149 2187 1170 2233 o
1191 2168 1242 2233 far
1258 2165 1353 2234 venir
1376 2166 1399 2230 l'
1416 2187 1516 2250 acqua
1536 2163 1568 2229 in

363 2301 442 2365 qua.
460 2283 496 2348 Io
512 2291 565 2347 sto
581 2291 671 2347 tutto
687 2302 751 2349 con
767 2283 799 2348 la
815 2282 926 2369 gratia
942 2283 997 2349 del
1009 2282 1135 2368 Signor
1151 2281 1187 2348 in
1203 2304 1272 2348 non
1284 2280 1330 2347 mi
1343 2291 1461 2348 metter
1471 2281 1503 2345 in
1514 2299 1568 2365 pe-

364 2395 509 2465 riculose
536 2396 714 2478 medicine,
738 2419 776 2466 se
799 2420 868 2465 non
891 2422 936 2468 en
958 2398 1089 2484 piccole
1111 2406 1147 2466 et
1167 2397 1277 2465 vsuali
1298 2407 1333 2464 et
1348 2416 1435 2482 quae
1449 2396 1570 2480 possint

360 2513 535 2598 prodesse,
555 2535 625 2578 aon
645 2535 778 2594 nocere,
795 2525 830 2583 et
850 2513 1057 2600 prepararmi
1077 2515 1121 2581 da
1141 2533 1223 2580 vero
1243 2534 1305 2579 con
1329 2514 1354 2577 l’
1371 2511 1522 2598 aggiutto
1538 2507 1566 2574 di

365 2626 432 2694 Dio
443 2649 463 2692 a
475 2625 562 2714 patir
574 2627 657 2713 ogni
670 2649 750 2696 cosa
761 2651 837 2694 cum
850 2631 1027 2696 alacritate
1038 2629 1151 2695 cordis
1163 2629 1202 2694 in
1216 2627 1363 2694 Christo
1379 2629 1404 2692 ss
1416 2628 1455 2693 P.
1470 2627 1566 2693 Geor-

365 2742 422 2829 gio
438 2743 591 2810 Rottario
603 2745 628 2823 ¹,
647 2744 802 2829 comincri
816 2744 998 2832 agintarmi
1018 2755 1140 2830 quatro
1160 2765 1182 2809 o
1201 2743 1324 2830 cinque
1345 2742 1472 2830 giomi,
1493 2741 1565 2810 etsi

365 2857 482 2924 risenti
498 2858 553 2926 del
569 2859 636 2924 mal
651 2881 714 2926 suo
731 2871 879 2946 passato,
897 2859 931 2926 di
947 2860 1049 2926 modo
1063 2863 1127 2928 che
1143 2881 1211 2926 non
1226 2860 1320 2946 potte
1336 2857 1393 2946 piu
1414 2857 1566 2944 agiuttar-

364 2973 458 3039 mi⁸.
478 2974 511 3040 A
532 2996 586 3042 me
605 2974 651 3039 mi
671 2975 814 3061 piaceua
834 2976 857 3042 il
877 2997 940 3042 suo
960 2975 1106 3062 agiutto,
1124 2976 1257 3042 benche
1277 2995 1346 3041 non
1367 2994 1506 3060 speraua
1525 2969 1562 3036 mi

363 3099 500 3174 potesse
506 3088 707 3175 'agiuttarmi
718 3091 798 3157 nelli
810 3090 926 3158 studii.
939 3093 981 3158 Et
995 3102 1085 3159 temo
1096 3093 1161 3158 che
1172 3111 1240 3156 non
1252 3089 1299 3176 gli
1313 3089 1362 3156 sia
1372 3109 1477 3176 graue
1488 3105 1569 3155 esser

364 3205 437 3270 cusi
454 3225 647 3291 compagno
663 3206 742 3272 mio.
762 3208 832 3275 Son
849 3216 983 3274 tornato
1002 3207 1035 3274 al
1058 3179 1217 3273 Eduardo
1233 3206 1347 3292 anglo.
1366 3204 1403 3274 Si
1419 3205 1501 3271 vede
1515 3203 1570 3268 che

304 3327 309 3336 ’
364 3319 399 3385 in
421 3331 540 3405 questa
561 3320 736 3407 prouincia
757 3343 824 3388 non
848 3321 893 3388 mi
916 3343 1065 3408 possono
1087 3321 1169 3388 dare
1188 3319 1246 3385 chi
1265 3341 1445 3406 conuenga
1465 3320 1495 3384 al
1512 3314 1575 3382 mio

417 3518 433 3552 ⁸
461 3508 526 3564 Hoc
538 3510 621 3564 verb.
636 3525 723 3581 supra
737 3524 814 3563 vers.
828 3506 939 3564 addidit
953 3508 990 3565 N.

366 3613 564 3624 ——..—.

419 3663 427 3693 ¹
464 3661 509 3713 Ex
521 3660 711 3732 autographo,
725 3660 755 3714 in
768 3659 866 3732 Epist.
881 3659 998 3728 Natal.,
1011 3660 1051 3728 11,
1064 3658 1174 3731 duplici
1187 3656 1250 3728 fol,
1264 3671 1317 3727 240
1329 3657 1414 3728 (167).

417 3750 428 3782 ²
467 3747 542 3802 Vide
555 3747 645 3820 epist.
663 3749 726 3818 5853
741 3749 802 3818 5873
817 3760 848 3804 et
861 3749 924 3818 589.
939 3749 1029 3804 Paulo
1041 3756 1196 3822 postquam
1208 3748 1281 3804 haec
1294 3745 1407 3802 Natalis
1420 3739 1571 3817 scripsitde
1692 3751 1693 3758 ’

363 3837 396 3892 Ρ.
411 3837 542 3908 Rotario,
555 3854 572 3891 e
586 3837 663 3892 vivis
676 3838 722 3893 hic
736 3839 874 3895 excessit.
886 3840 931 3895 De
944 3837 1009 3910 ejus
1021 3837 1104 3894 obitu
1116 3838 1189 3892 haec
1201 3834 1309 3908 scripte
1320 3833 1439 3908 reliquit
1449 3835 1569 3889 Amico·

364 3939 417 3997 tn,
430 3928 489 3982 loc.
506 3927 569 3997 cit.,
583 3927 648 3982 dec.
663 3928 715 3996 IV,
731 3946 760 3984 n.
774 3941 836 3998 214:
849 3929 990 3999 «Jacebat
999 3927 1108 3983 ibidem
1118 3925 1202 3997 gravi
1212 3933 1371 3997 prostratus
1382 3925 1481 3980 morbo
1490 3921 1571 3977 Geor·

364 4015 432 4086 gius
445 4017 592 4086 Rotarius,
606 4017 661 4072 tria
673 4015 830 4072 Societatis
844 4025 913 4072 vota
925 4017 1086 4089 professus.
1100 4017 1139 4086 Is,
1154 4013 1230 4088 quod
1243 4014 1326 4070 annis
1339 4013 1479 4087 prioribus
1491 4008 1569 4070 Oeni-

365 4105 486 4178 pontoni
499 4105 626 4176 Collegii
639 4107 812 4179 Templique
828 4105 938 4162 fabrica
956 4113 1114 4178 occupatus
1131 4105 1254 4160 multum
1271 4101 1455 4171 desudasset,
1473 4099 1572 4156 licitum

365 4211 432 4250 esse
446 4203 526 4249 ratus
544 4203 589 4250 est
606 4195 749 4266 flagitare,
769 4204 800 4250 ut
818 4196 848 4250 in
865 4193 1041 4268 sepulchrali
1058 4203 1170 4268 crypta,
1189 4211 1276 4266 quam
1293 4192 1375 4264 ipsus
1392 4189 1572 4254 aedificasset,

366 4283 482 4355 requies
496 4281 553 4337 sibi
566 4283 787 4338 concederetur.
802 4281 952 4352 Obtinuit,
965 4283 1191 4362 quodpetierat;
1205 4282 1280 4337 Hau
1292 4279 1489 4353 Oenipontum
1504 4276 1573 4332 delt-

365 4380 426 4442 tus,
439 4389 473 4427 ac
485 4373 571 4444 paulo
584 4379 651 4444 post
663 4371 794 4444 piissime
807 4372 888 4429 obita
906 4381 1010 4438 morte,
1029 4387 1116 4444 novo,
1133 4370 1211 4444 quod
1228 4377 1385 4435 struxerat,
1403 4369 1579 4442 sepulchreto
1691 4443 1692 4446 Ἴ

366 4461 465 4517 illatus
478 4460 562 4515 fuit.»
577 4461 631 4516 His
643 4459 729 4530 adde,
742 4479 817 4534 quae
829 4463 974 4518 habentur
986 4461 1017 4517 iu
1033 4461 1168 4531 catalogo
1179 4475 1308 4530 romano,
1320 4459 1369 4516 cui
1382 4460 1495 4514 titulus:
1509 4455 1575 4510 Pro
1691 4465 1692 4506 l

358 4547 437 4622 sessi
450 4564 470 4616 4
484 4553 621 4605 votorum
638 4549 824 4607 Germaniae
836 4556 864 4608 et
879 4550 1002 4607 Galliae
1011 4551 1049 4606 ab
1057 4567 1139 4606 anno
1151 4563 1186 4618 15
1198 4579 1233 4592 -
1246 4579 1279 4591 -
1289 4550 1331 4604 ad
1343 4561 1422 4618 1573,
1436 4547 1484 4602 ubi
1496 4543 1575 4600 etism

365 4639 511 4693 habentur
528 4638 665 4711 Professi
681 4640 776 4694 trium
794 4645 943 4706 votorum,
957 4639 1035 4696 inter
1050 4654 1123 4712 quos
1140 4645 1187 4694 est
1205 4637 1256 4692 «Ρ.
1277 4637 1424 4708 Georgius
1439 4632 1574 4697 Roterius,

366 4723 538 4799 leodiensis,
550 4728 671 4791 Romae,
686 4743 720 4799 25
733 4729 828 4785 Martii
844 4729 912 4800 1569
930 4729 972 4803 [in
988 4729 1135 4801 manibus]
1152 4729 1187 4785 P.
1204 4726 1345 4784 Everardi
1361 4720 1576 4798 [Mercurisuilor
