3404 5380
391 511 425 568 15
444 499 642 556 Samauams
662 509 702 552 ar
721 509 737 566 5
757 495 922 554 Ocroams
944 497 1012 566 1566
1225 497 1279 570 239

103 649 189 716 husiti
204 663 237 716 et
252 650 441 730 lutherani,
459 662 494 716 et
511 651 704 716 uorrebono
727 650 907 733 proueder'
927 671 986 734 per
1002 660 1116 736 tempo
1136 649 1160 716 il
1176 650 1314 737 signore

102 775 131 829 et
143 765 163 828 l’
179 765 411 834 arciuescouo:
431 769 462 834 c'
480 767 560 832 eun
576 762 781 831 monasterio
797 765 942 849 grande,
961 766 1061 849 quale
1078 765 1239 852 uogliono
1251 789 1313 853 ap-

104 879 211 964 plicare
226 882 290 946 alla
305 880 537 967 Compagnia,
552 881 585 946 al
600 880 733 965 qualee
749 899 882 944 annexa
899 881 931 945 la
942 879 1120 966 parrochia
1133 891 1167 947 et
1179 903 1263 948 cura
1277 884 1311 948 d'

104 995 200 1061 anime
213 997 300 1062 della
316 1006 420 1076 terra,
438 997 504 1062 che
515 998 535 1062 e
547 1018 616 1061 una
631 995 714 1062 sola.
727 995 775 1061 La
788 993 932 1073 rendita,
947 996 1096 1062 secondo
1112 997 1135 1061 l'
1150 996 1312 1067 informa-

104 1109 183 1178 tione
196 1115 259 1177 ehe
273 1114 316 1177 ho
333 1122 478 1197 possuto
494 1113 637 1189 hauere,
656 1111 732 1176 sara
746 1109 790 1176 da
807 1109 896 1175 mille
912 1107 947 1175 in
969 1128 1052 1176 1200
1073 1110 1180 1178 talleri
1197 1135 1203 1177 :
1227 1114 1247 1178 e
1270 1114 1314 1182 de

102 1223 241 1292 canonici
258 1226 421 1313 regulari:
441 1247 510 1292 non
526 1227 580 1291 c'e
595 1247 634 1293 se
649 1247 718 1290 non
735 1241 805 1288 uno
821 1226 886 1292 che
901 1246 938 1292 se
954 1225 1030 1290 dice
1046 1225 1174 1311 priore,
1193 1237 1229 1294 et
1243 1249 1313 1294 non
1395 1311 1399 1325 ἱ

103 1339 170 1405 viue
183 1343 268 1408 bene
282 1343 434 1408 secondo
449 1343 514 1408 che
530 1340 652 1408 dicono
672 1341 694 1404 ¹.
712 1339 739 1405 ll
754 1338 929 1425 superiore
945 1340 988 1406 de
1009 1339 1089 1406 tutti
1110 1342 1194 1422 loro,
1213 1344 1313 1426 quale

103 1454 161 1520 ein
180 1459 296 1542 Praga,
314 1467 493 1534 comente,
512 1456 662 1521 secondo
678 1457 742 1522 che
758 1455 780 1519 l’
799 1453 1019 1522 arciuescouo
1035 1455 1123 1537 dice,
1137 1456 1202 1522 alla
1214 1457 1314 1524 vnio-

105 1591 150 1634 ne.
167 1553 194 1636 E
206 1581 362 1636 contento
374 1572 398 1634 l'
412 1569 634 1638 arciuescouo
646 1572 710 1635 che
722 1568 750 1634 si
763 1567 879 1634 diuida
889 1570 922 1634 la
935 1569 1124 1654 parrochia,
1139 1582 1173 1640 et
1185 1573 1213 1637 si
1227 1572 1314 1639 faeci

106 1705 143 1748 vn
156 1683 275 1751 vicario
293 1697 473 1771 perpetue,
498 1705 519 1751 0
540 1705 623 1752 uero
643 1705 689 1750 vn
710 1693 840 1762 curato,
864 1683 1104 1768 assegnandoli
1125 1696 1219 1753 certa
1235 1709 1314 1772 por-

106 1797 187 1865 tione
202 1801 399 1881 sufficiente3
417 1812 453 1866 et
469 1801 594 1885 perche
610 1799 633 1865 il
654 1797 858 1867 monasterio
881 1800 923 1864 ha
947 1797 1026 1886 pagi
1050 1799 1185 1880 rustici,
1203 1801 1313 1888 campi
1343 1883 1348 1896 Ι

107 1931 136 1978 et
149 1913 278 2000 piscine,
296 1917 320 1982 il
335 1916 507 2002 signorea
523 1914 641 1982 Rossis
657 1924 825 2000 promette
836 1914 870 1979 di
883 1913 1026 2000 pigliare
1038 1926 1127 1981 tutto
1140 1917 1265 2001 quel10,
1280 1929 1315 1985 et

109 2030 180 2097 dare
195 2031 318 2099 rendita
333 2043 429 2099 certa
444 2030 510 2096 alla
521 2030 736 2116 Compagnia
751 2051 854 2095 senza
869 2029 1103 2110 solecitudine.
1120 2032 1153 2097 Α
1166 2053 1221 2098 me
1233 2053 1315 2117 pare

110 2147 165 2210 che
180 2148 239 2211 co'l
252 2158 364 2232 tempo
379 2169 418 2213 se
433 2147 502 2232 pub
517 2145 654 2211 fundar'
672 2146 751 2232 quel
767 2144 923 2230 collegio,
942 2155 977 2210 et
993 2166 1061 2211 non
1074 2147 1267 2214 sarebbono
1279 2147 1314 2212 di

111 2259 259 2346 bisognio,
282 2283 388 2328 senon
413 2260 469 2326 doi
491 2258 608 2326 mastri
630 2258 688 2344 piu
711 2259 745 2325 di
766 2259 869 2344 quelli
890 2261 953 2324 che
973 2259 1005 2323 ci
1025 2281 1109 2325 sono
1130 2261 1178 2339 la,
1196 2260 1208 2326 i
1223 2261 1316 2345 quali

113 2395 185 2440 sono
209 2399 249 2440 un
274 2377 418 2456 fratello,
444 2389 479 2442 et
505 2375 529 2440 il
556 2375 680 2441 dottor’
699 2374 914 2441 Wenceslao.
942 2376 1019 2440 Non
1048 2377 1162 2456 credo,
1189 2377 1312 2458 Padre,

113 2489 290 2556 hauerb²in
306 2502 429 2575 questo
450 2491 520 2556 dab
533 2489 607 2558 dire
627 2489 686 2574 piu
707 2509 787 2556 cose
813 2488 848 2554 di
874 2500 995 2573 queste
1022 2493 1086 2558 che
1109 2501 1206 2557 tocco
1233 2513 1314 2576 qua,

114 2607 229 2686 quando
248 2606 397 2675 scriuerd
417 2607 449 2672 al
470 2606 614 2692 lungho.
639 2603 856 2690 Aggiongesi
877 2607 1025 2671 anchora
1048 2628 1067 2671 a
1091 2616 1224 2690 questo,
1250 2610 1315 2675 che

115 2718 269 2788 Casanma
284 2723 303 2788 e
319 2743 389 2787 una
405 2731 494 2787 terra
510 2741 642 2806 grossa,
661 2720 767 2785 molto
782 2720 962 2805 populosa,
980 2721 1070 2787 doue
1091 2743 1160 2787 una
1176 2722 1316 2807 signora

119 2836 268 2918 uecchia¹,
285 2846 425 2922 parente
440 2836 495 2902 del
512 2834 650 2922 signore
665 2835 708 2901 de
725 2836 837 2920 quella
853 2846 953 2917 terra,
968 2837 1135 2903 uorrebbe
1152 2837 1312 2923 applicar'

162 3047 175 3080 ¹
197 3039 253 3095 Hoc
265 3042 349 3096 verb.
365 3037 480 3095 addidit
492 3038 561 3093 libr.
579 3055 666 3110 supra
680 3039 814 3093 vers—b
825 3039 889 3092 Hoc
904 3040 989 3094 verb.
1006 3039 1117 3096 addidit
1136 3039 1205 3096 libr.
1228 3058 1315 3114 supra

120 3139 180 3178 vers.

122 3228 299 3243 ———-——

117 3271 287 3348 Gubernator,
301 3279 387 3345 (haec
400 3276 479 3330 enim
493 3275 523 3330 in
536 3293 582 3346 ea,
595 3284 626 3330 et
639 3275 787 3330 nonnullis
800 3274 865 3330 aliis
879 3276 1009 3332 Familiis
1023 3276 1144 3348 vigebat
1160 3289 1316 3334 consuetu·

117 3358 156 3424 do,
168 3373 193 3418 ut
204 3367 286 3438 major
299 3379 371 3421 natu
388 3367 493 3419 haeres
506 3374 586 3419 esset
599 3364 740 3434 omnium,
755 3381 788 3418 ac
802 3365 955 3429 Dominus,
971 3373 1002 3420 et
1014 3365 1175 3437 Supremus
1190 3367 1317 3439 Amplis-

119 3447 191 3506 simae
207 3455 309 3510 Domus
329 3453 550 3521 Gubernator).
569 3453 709 3526 ldemque
733 3453 907 3508 Wilhelmus
932 3453 1092 3527 Supremus
1110 3455 1204 3526 Regni
1224 3458 1318 3512 Boka-

119 3539 182 3595 nn'ue
192 3540 381 3612 camerarius,
395 3548 426 3596 et
439 3541 596 3596 Procerum
618 3541 893 3612 potentissimus...»
913 3542 1068 3613 Serrhion,
1082 3545 1137 3598 loc.
1152 3543 1215 3615 cit.,
1230 3563 1258 3600 n.
1269 3558 1316 3615 45.
1358 3557 1359 3560 ’

162 3633 167 3662 “
199 3632 238 3686 De
250 3634 357 3688 abbate
370 3630 458 3701 hujus
472 3629 640 3684 monasterii
653 3631 725 3684 haec
738 3647 857 3686 romano
871 3629 1002 3702 pontifici
1015 3632 1116 3687 retulit
1128 3648 1229 3688 caesar
1241 3632 1317 3688 die6

118 3711 231 3774 Octobris
245 3721 310 3790 1566
323 3721 354 3775 in
367 3717 485 3783 litteris,
499 3718 605 3790 quibus
620 3717 788 3774 facultatem
801 3719 873 3773 illud
886 3718 1027 3775 Societati
1041 3719 1205 3792 applicandi
1218 3729 1318 3793 postu·

118 3801 188 3862 labat:
201 3809 320 3865 uVerum
332 3809 390 3864 iarn
402 3809 439 3862 ab
449 3807 560 3880 aliquot
570 3807 653 3862 annis
664 3804 845 3878 negligentia
855 3816 885 3864 et
895 3809 1006 3864 incuria
1016 3809 1176 3865 novissime
1186 3809 1318 3865 defuncti

117 3893 223 3968 abbatis,
239 3900 286 3970 qui
302 3915 369 3954 cum
388 3896 479 3952 vitam
498 3913 616 3969 prorsus
632 3896 805 3951 dissolutam
823 3913 856 3950 ac
875 3897 1010 3953 vitiosam
1028 3906 1141 3969 ageret,
1160 3898 1248 3954 nullis
1266 3917 1318 3954 un·

117 3997 192 4051 quam
211 3987 449 4043 admonitionibus
471 3985 806 4058 reprehensionibusque
824 3987 919 4041 locum
943 3987 1105 4059 reliquerit,
1128 4004 1213 4042 usum
1235 3989 1318 4043 hora-

119 4083 179 4123 rum
191 4076 377 4130 canonicarum
394 4077 481 4147 plane
498 4073 699 4129 intermissum
716 4091 794 4142 esse,
812 4073 882 4145 quin
901 4074 989 4129 immo
1005 4076 1101 4147 qualis
1120 4075 1209 4130 fuerit
1227 4076 1319 4130 abbas

121 4157 190 4212 tales
203 4161 279 4217 etiam
297 4165 386 4220 luisse
401 4162 624 4232 conventuales,
641 4162 692 4236 qui
714 4179 773 4217 non
790 4161 909 4218 reveriti
928 4163 988 4218 sint
1005 4163 1121 4235 saepius
1138 4181 1176 4218 ex
1193 4166 1321 4218 claustro

125 4251 272 4304 monasterii
283 4252 356 4308 exire
369 4261 399 4308 et
413 4261 489 4308 totas
502 4250 594 4306 ferme
608 4261 711 4306 noctes
725 4249 754 4305 in
767 4251 892 4322 publicis
905 4251 1074 4307 diversoriis
1089 4251 1216 4323 potando
1229 4261 1259 4306 et
1272 4270 1320 4308 res

125 4335 250 4390 scurriles
260 4341 395 4397 tractando
407 4357 592 4410 consumere,
606 4339 647 4395 ita
660 4347 693 4394 ut
704 4338 763 4394 duo
778 4356 815 4393 ex
833 4339 891 4394 illis
908 4341 1154 4396 conventualibus
1168 4343 1257 4396 etiam
1269 4342 1321 4397 ho-

129 4417 238 4474 micidio
248 4426 343 4482 cuidam
354 4429 510 4501 praeterita
521 4427 619 4484 hieme
636 4437 667 4483 et
683 4437 773 4483 noctu
791 4427 947 4483 commisso
965 4429 1189 4485 interfuerint.»
1209 4430 1261 4485 W.
1278 4431 1316 4486 E.

132 4503 284 4573 Setinum,
294 4515 384 4590 Briefe
396 4519 460 4574 und
473 4519 570 4574 Akron
582 4535 638 4572 sur
653 4515 822 4572 Geschiclzte
835 4516 1049 4574 Maximilians
1061 4520 1103 4585 II,
1119 4519 1142 4588 1,
1156 4517 1201 4590 34,
1215 4517 1265 4588 35.

191 4599 201 4626 ¹
238 4598 311 4738 lupa,
324 4603 355 4660 de
374 4623 429 4680 qua
450 4606 535 4663 etde
552 4606 696 4662 coenobio
713 4605 930 4662 franciscalium
943 4605 985 4662 cf.
1008 4607 1162 4676 Scutunt,
1178 4609 1235 4664 loc.
1257 4607 1322 4675 eit,

137 4693 195 4733 ¹²¹²·
210 4693 267 4751 454
286 4723 292 4742 ·
