3322 5376
593 493 706 564 3MA11
726 497 794 566 1567
1215 501 1265 570 461

5 643 7 730 ξ
101 650 189 732 tione,
205 649 233 718 si
248 648 427 719 accettino.
447 650 491 716 Et
506 648 577 716 cosi
595 651 639 717 V.
657 650 699 716 R.
715 651 813 736 potral
828 648 1010 737 praticarlo
1024 671 1085 737 per
1101 670 1139 718 se
1154 663 1189 718 et
1202 673 1263 738 per
1274 653 1303 719 li

5 763 7 822 ἶ
97 765 269 851 prouintiali
284 765 373 832 delle
389 765 410 830 6
426 764 605 851 prouincia
620 767 684 834 che
699 768 745 831 ha
763 775 779 808 ⁸
795 763 829 832 di
848 764 999 834 uisitare.
1024 767 1103 850 Qua
1120 787 1192 834 non
1208 767 1240 834 ci
1255 767 1303 833 ri-

5 935 7 972 ÷
97 879 246 949 cordiamo
261 883 369 950 hauer
383 901 573 950 commesso
589 880 621 948 al
634 883 674 948 P.
694 881 848 962 Costero,
864 880 907 948 ne
922 882 966 948 ad
982 881 1079 962 altro,
1099 885 1163 951 che
1180 882 1301 952 lacessi

98 995 180 1062 simili
194 995 337 1064 scholari
353 996 542 1084 approbati.
561 997 605 1062 Et
616 1017 695 1064 cose
706 995 741 1062 d'
755 995 965 1083 importanza
977 996 1022 1066 mi
1038 1017 1119 1084 pare
1131 998 1219 1067 bene
1231 1021 1301 1068 non

97 1109 275 1179 silanciano
289 1133 393 1180 senza
408 1112 453 1179 V.
472 1114 529 1192 R.‚
546 1110 582 1176 in
599 1121 694 1178 tanto
710 1112 774 1179 che
793 1113 884 1180 stara
899 1112 942 1178 la.

150 1243 178 1310 5.
224 1227 365 1311 Quanto
381 1225 413 1293 al
428 1225 582 1294 diuidere
596 1226 629 1292 la
643 1247 740 1294 meza
754 1228 838 1292 hora
848 1226 884 1292 d'
897 1225 1062 1307 oratione,
1081 1229 1144 1293 che
1160 1227 1189 1294 si
1205 1229 1225 1294 e
1243 1249 1302 1295 or·

94 1341 192 1408 dinata
205 1341 411 1429 dopo-cena,
429 1340 464 1408 in
486 1341 587 1408 modo
606 1339 714 1408 chesi
731 1340 838 1407 faccia
854 1361 901 1406 un
922 1351 1044 1427 quarto
1059 1340 1183 1424 inanzi‚
1202 1353 1238 1411 et
1252 1366 1301 1410 un

94 1455 165 1523 altro
177 1456 289 1544 dopoi,
306 1457 365 1543 pio
381 1465 498 1543 presto
524 1456 570 1522 mi
596 1476 679 1542 pare
704 1456 870 1543 potrebbe
887 1455 1026 1525 riuscire
1054 1457 1105 1523 iar
1121 1467 1172 1526 tre
1188 1457 1300 1543 quarti

95 1571 122 1636 d'
135 1573 211 1640 hora
225 1573 258 1639 la
273 1571 428 1654 mattina,
450 1593 522 1638 uno
543 1569 661 1640 auanti
681 1571 704 1637 il
723 1570 890 1652 desinare,
918 1582 956 1640 et
975 1571 1062 1639 altro
1081 1573 1172 1658 dopo
1200 1594 1298 1642 cena.

96 1687 262 1755 lotomoal
290 1685 437 1774 collegio
456 1687 492 1753 di
517 1685 708 1772 Maguntia‚
737 1708 819 1772 pare
847 1686 912 1753 stia
926 1688 1016 1755 bene
1042 1690 1106 1755 che
1125 1687 1146 1754 l’
1168 1688 1300 1758 arciue·

94 1821 183 1869 soouo
209 1805 216 1836 ¹
233 1801 426 1872 conterisca
452 1802 508 1868 col
522 1822 587 1869 suo
601 1777 748 1887 capitolo
764 1802 876 1888 quella
902 1800 1102 1870 fundatione
1118 1805 1181 1870 che
1197 1806 1302 1872 uuole

95 1915 161 1986 lare.
178 1919 221 1985 A’
238 1917 366 1986 diuersi
382 1916 492 1986 scritti
508 1917 598 1985 dela
616 1915 727 1997 saisita,
742 1917 806 1984 che
817 1916 862 1982 V.
877 1917 918 1983 R.
939 1917 1073 1998 manda,
1088 1917 1161 1984 solo
1173 1919 1301 1987 accade

95 2029 152 2100 dire
165 2031 198 2099 in
213 2033 361 2120 risposta
376 2031 473 2100 cheb
492 2032 521 2099 si
537 2032 733 2098 uederanno
748 2030 851 2116 quelli
871 2033 935 2098 che
956 2053 1026 2098 non
1047 2053 1132 2099 sono
1154 2031 1246 2114 uisti3
1264 2043 1301 2098 et

94 2165 123 2210 se
135 2147 165 2214 di
178 2149 322 2232 qualche
338 2170 418 2215 cosa
433 2147 598 2215 conuerti
617 2147 678 2214 dar
694 2145 802 2227 uulso,
820 2145 849 2212 si
864 2147 958 2214 dard.

144 2262 173 2328 6.
218 2263 285 2331 Del
300 2263 448 2350 collegio
463 2263 506 2331 de
523 2260 700 2348 Herbipoli
717 2260 762 2328 mi
778 2260 914 2330 rimetto
930 2282 950 2327 a
969 2261 1083 2346 quello
1106 2264 1170 2330 che
1193 2262 1249 2348 gia
1266 2262 1295 2330 si

93 2374 234 2445 iscritto.
253 2380 298 2445 Et
315 2377 453 2464 quando
470 2376 498 2444 si
513 2374 704 2457 accettassi,
724 2377 763 2443 V.
783 2377 824 2443 R.
844 2375 968 2445 uederal
985 2377 1074 2444 bene
1090 2399 1109 2443 a
1126 2378 1205 2462 qual
1221 2400 1298 2464 pro·

94 2489 187 2559 uncia
201 2494 330 2562 doueni
347 2489 537 2579 applicarsi.
945 2571 947 2574 y

146 2625 175 2690 7.
221 2611 363 2694 Quanto
386 2608 418 2674 al
439 2608 580 2704 mandar
605 2605 630 2673 li
649 2606 756 2674 nostri
782 2609 891 2687 fuora,
909 2628 979 2674 non
995 2606 1017 2672 li
1045 2606 1256 2694 soiolgiendo
1274 2609 1298 2674 li

95 2721 163 2804 uoti,
178 2746 246 2790 non
262 2723 291 2790 si
307 2745 382 2802 usa,
400 2725 464 2790 che
480 2720 664 2808 sappiam0,
684 2743 721 2788 se
738 2742 804 2788 non
826 2722 964 2807 quando
984 2723 1056 2790 loro
1076 2724 1120 2789 da
1140 2744 1177 2790 se
1197 2722 1298 2791 stessi

94 2856 190 2906 uanno
204 2838 275 2919 uia,
292 2860 313 2905 ο
330 2861 413 2906 uero
434 2838 570 2924 quando
585 2835 614 2902 si
630 2835 811 2904 licentiano
829 2838 863 2902 d’
881 2857 950 2903 una
965 2859 1043 2904 casa
1064 2859 1085 2904 o
1104 2839 1294 2924 prouincia,

93 2973 148 3018 non
161 2955 430 3022 absolutamente
444 2952 533 3020 della
547 2949 773 3039 Compagnia;
788 2973 844 3017 ma
859 2953 995 3037 quando
1018 2952 1046 3018 si
1067 2953 1249 3022 licentiano
1264 2955 1296 3021 al

93 3076 177 3150 tutto,
193 3070 404 3140 intendiamo
426 3067 552 3156 seguiti
571 3066 594 3133 l’
609 3064 818 3135 assolutione
836 3068 880 3136 de
904 3065 986 3134 uoti.
1010 3069 1053 3134 Et
1073 3079 1297 3155 quantunque
1353 3058 1355 3062 ⁸

91 3181 277 3253 simandino
289 3185 324 3252 in
340 3183 540 3271 probatione
566 3181 620 3249 all'
648 3181 828 3268 hospitale,
857 3192 936 3263 etc„
952 3183 1066 3267 quello
1087 3185 1105 3250 ὲ
1122 3185 1297 3252 conforme

92 3297 135 3363 all'
148 3299 312 3380 instituto,
326 3301 393 3368 che
408 3302 452 3365 ha
467 3297 525 3365 tali
540 3296 742 3384 probationi;
759 3319 813 3364 ma
825 3319 893 3363 non
906 3315 988 3383 pare
1004 3299 1088 3379 cosi,
1104 3320 1141 3366 se
1153 3299 1182 3366 si
1198 3322 1296 3368 man-

93 3411 209 3483 dassino
224 3416 258 3483 al
273 3415 420 3484 seruicio
436 3413 471 3480 di
487 3413 630 3498 qualche
657 3413 797 3498 prelato,
829 3413 968 3497 Quanto
995 3413 1060 3480 alla
1081 3413 1225 3482 formula
1240 3415 1297 3482 del

92 3529 216 3618 collegio
227 3532 263 3598 di
280 3530 476 3610 Olomucio‚
494 3527 523 3595 si
538 3529 557 3598 ὲ
573 3527 691 3596 scritto
702 3528 735 3594 al
749 3525 956 3614 prouinciale
971 3527 1005 3594 di
1029 3529 1169 3598 Austria
1186 3530 1211 3611 ¹,
1230 3551 1295 3596 no-

93 3646 180 3713 tando
198 3647 313 3714 alcuni
329 3645 427 3732 panti
447 3646 511 3712 che
537 3663 664 3730 pareua
683 3642 866 3710 douessino
883 3643 1127 3725 accomodarsi,
1145 3653 1180 3712 et
1200 3645 1296 3712 accib

93 3763 185 3831 anche
199 3763 247 3830 lui
263 3760 435 3828 mandassi
453 3781 520 3827 una
535 3758 634 3845 copia
649 3779 670 3825 a
684 3758 727 3825 V.
744 3759 785 3825 R.
810 3758 875 3825 Del
896 3767 1067 3824 contratto
1087 3758 1121 3825 di
1142 3758 1293 3846 Dilinga,

94 3873 183 3944 siamo
196 3878 230 3945 d’
245 3878 371 3946 acordo
387 3877 440 3943 col
455 3874 626 3943 cardinale
642 3875 667 3955 ³,
682 3873 825 3958 alquale
841 3872 870 3940 si
883 3874 1007 3940 mando
1021 3896 1089 3940 uno
1100 3895 1161 3961 per
1172 3875 1204 3941 la
1215 3876 1295 3962 phi-

93 3987 237 4078 losophia,
256 4003 293 4060 et
308 3991 338 4059 si
355 4015 399 4059 ua
413 3990 581 4060 cercando
593 3972 628 4054 di
644 3988 785 4056 mandar
800 3986 858 4054 un'
871 3988 969 4054 altro.

147 4109 175 4174 8.
221 4109 322 4178 Circa
339 4107 455 4174 Pietro
476 4104 668 4172 coloniense
685 4103 710 4185 ⁴,
728 4125 766 4170 se
781 4102 829 4168 lui
845 4102 1044 4170 ricerchassi
1061 4125 1173 4172 essere
1189 4103 1297 4172 libero

93 4220 127 4288 de
140 4223 168 4289 la
181 4221 406 4312 Compagnia‚
431 4220 478 4288 mi
493 4240 574 4307 pare
594 4240 630 4286 se
650 4217 673 4283 li
689 4217 829 4286 doueria
851 4220 1050 4300 concedere,
1068 4241 1135 4286 con
1151 4221 1297 4304 qualche

92 4343 270 4360 ’.ῃ-...-

136 4401 149 4436 ¹
173 4395 234 4451 Hoc
250 4395 339 4449 verb.
361 4391 431 4448 libr.
452 4407 540 4462 supra
557 4404 640 4446 vers.
663 4385 846 4442 addidit-b
862 4386 925 4441 Hoc
943 4387 1030 4443 verb.
1047 4388 1191 4443 Polancus
1208 4405 1296 4460 supra

95 4493 161 4538 vers.
176 4481 299 4538 addidit.

94 4571 272 4588 -ᾑ-

95 4671 99 4678 ,
140 4615 146 4647 ¹
179 4617 282 4673 Daniel
296 4614 424 4672 Brendel
437 4615 474 4670 ab
487 4613 653 4682 Homburg.
901 4614 912 4646 ²
949 4611 1125 4668 Laurentius
1135 4611 1260 4684 Magius.

139 4705 149 4739 ³
180 4706 251 4767 Otto
262 4707 427 4782 Tru'chsess
439 4704 476 4760 de
490 4704 668 4774 waldburg.
898 4704 910 4736 ⁴
945 4701 1054 4773 Haupt.
