3456 5386
407 531 457 592 154
788 525 891 582 Ειηετ.
912 523 945 581 Ρ.
965 523 1168 595 Nion-402

366 675 517 762 generali
533 686 598 746 etc.
618 679 759 746 Romae.
777 679 859 746 Alia
874 699 993 745 manu:
1012 679 1107 767 1566.
1131 639 1304 767 Augusta..
1324 681 1365 747 Ρ.
1383 678 1517 748 Natale.
1547 697 1595 770 29

365 789 400 857 di
416 791 569 882 Maggio.
589 795 630 863 C.
656 797 846 886 Vestigium
862 796 985 884 sigilli.

697 1093 737 1160 Ρ.
763 1093 1072 1164 HIERONYMUS
1095 1093 1260 1162 NADAL

613 1205 796 1265 SANCTO
823 1205 1085 1266 FRANCISCO
1110 1208 1169 1264 DE
1195 1204 1341 1278 BORJA

746 1315 927 1376 Anausin,
946 1319 981 1376 29
997 1319 1068 1372 um
1088 1305 1157 1375 1566
1174 1305 1199 1362 ¹.

482 1401 663 1475 Exemplum
674 1403 850 1460 litterarum
863 1404 1038 1459 indicarum
1051 1404 1146 1459 mittit
1158 1403 1304 1478 Borgiae‚
1316 1407 1351 1459 ui
1362 1419 1471 1460 novam

822 1493 989 1548 versionem
1002 1495 1126 1566 urgeat.

426 1609 526 1696 Jhus.
546 1610 652 1676 Molto
668 1609 754 1677 Rdo.
774 1610 885 1678 Padre
905 1620 1021 1676 nostro
1042 1607 1079 1676 in
1099 1608 1248 1678 Chiisto.
1272 1611 1347 1678 Pax
1366 1608 1495 1678 Christi
1516 1621 1587 1681 etc.

366 1725 493 1793 Mando
508 1724 574 1792 alla
591 1726 631 1792 Ρ.
650 1727 693 1794 V.
711 1748 772 1825 pef
788 1726 987 1814 Monsignor
1002 1726 1218 1794 Lancillot0¹
1240 1746 1288 1792 un
1307 1724 1475 1814 essempio
1496 1727 1591 1798 delle

363 1841 484 1910 lettere
499 1840 531 1906 d'
549 1841 656 1924 India,
673 1842 738 1911 che
752 1863 837 1909 sono
853 1852 941 1910 state
954 1844 1099 1910 tradotte
1115 1852 1150 1912 et
1161 1851 1339 1929 stampate,
1353 1863 1450 1910 come
1461 1864 1522 1929 per
1534 1844 1590 1910 al-

366 1967 417 2024 tre
433 1959 480 2023 ho
495 1956 614 2024 scritto
630 1959 655 2039 ⁵3
673 1957 705 2027 le
720 1958 811 2042 quali
826 1959 932 2025 molto
952 1957 1155 2045 despiaceno
1173 1958 1205 2024 al
1226 1958 1266 2026 Ρ.
1290 1956 1441 2042 Canisi03
1463 1967 1499 2028 et
1518 1979 1589 2026 eon

365 2072 486 2159 grand'
505 2071 645 2155 auiditi,
663 2073 811 2140 secondo
825 2073 1046 2156 intendiamo,
1065 2094 1149 2140 sono
1169 2073 1343 2142 ricereate.
1367 2073 1437 2159 Qui
1451 2075 1483 2142 le
1499 2095 1589 2143 ven-

365 2171 456 2254 doho
473 2209 531 2274 per
547 2197 599 2254 tre
610 2187 700 2274 julij,
718 2188 788 2256 cosi
807 2187 843 2254 in
862 2199 968 2272 carta,
991 2189 1081 2259 doue
1100 2209 1185 2256 sono
1208 2200 1467 2258 comunemente
1489 2190 1588 2257 buon

364 2314 525 2373 mercato.
545 2305 612 2370 Per
627 2325 721 2371 amor
735 2303 778 2372 de
793 2303 873 2386 Dio,
891 2305 935 2373 V.
954 2307 995 2372 Ρ.
1010 2303 1108 2385 faeci,
1123 2305 1188 2372 che
1200 2305 1233 2371 la
1245 2303 1395 2387 uersion,
1409 2307 1474 2374 che
1484 2326 1588 2392 spero

363 2421 491 2488 haueri
506 2418 746 2486 incominciato
762 2419 785 2485 il
802 2419 934 2488 fratello
948 2419 1062 2488 Gioan
1078 2419 1206 2501 Pietm,
1229 2419 1310 2486 uadi
1329 2419 1442 2487 inanzi
1462 2432 1498 2490 et
1517 2441 1587 2489 con

363 2534 539 2621 diligentia
555 2545 621 2602 etc.
646 2537 778 2621 Questa
798 2557 869 2602 non
889 2537 909 2602 ὁ
929 2559 990 2623 per
1011 2537 1108 2603 altro.
1131 2535 1226 2602 Iddio
1246 2546 1363 2604 nostro
1383 2537 1530 2624 Signore
1551 2537 1586 2606 ci

363 2649 419 2719 dia
434 2673 496 2718 sua
511 2649 653 2738 copiosa
668 2651 778 2739 gratia
797 2653 841 2719 da
862 2652 924 2742 sar)
945 2653 1206 2740 perfettamente
1225 2674 1289 2719 sua
1307 2651 1499 2722 santissima
1517 2675 1587 2722 vo-

361 2767 467 2835 lonti.
490 2769 614 2836 Amen.
637 2770 692 2836 Da
710 2769 884 2856 Augusta,
907 2767 963 2836 alli
985 2786 1029 2858 29
1048 2769 1092 2838 de
1112 2768 1254 2856 Maggio
1279 2768 1373 2853 1566.
1399 2772 1442 2838 D.
1466 2771 1510 2838 V.
1537 2773 1582 2838 P.

363 2901 465 2953 seruo
480 2903 524 2950 en
540 2885 618 2964 X.⁰,

1172 3007 1194 3096 i
1217 2945 1405 3187 Nfljsflvi

428 3231 612 3318 Inscriptio
639 3253 661 3297 a
688 3237 797 3320 tergo:
819 3233 919 3320 JhuS.
949 3231 995 3298 Α]
1022 3232 1127 3298 molto
1153 3233 1241 3300 Rdo.
1268 3234 1380 3302 Padre
1403 3243 1519 3300 nostro
1547 3232 1592 3314 in·

361 3347 497 3416 Christo
514 3347 537 3413 il
554 3348 594 3414 P.
614 3349 641 3415 F
642 3368 805 3416 rancesco
821 3347 959 3434 Borgia,
977 3347 1149 3434 preposito
1161 3349 1321 3436 generale
1333 3349 1422 3415 della
1434 3349 1585 3436 Compa-

359 3463 442 3552 gnia
455 3465 499 3531 de
510 3465 595 3552 jesi
610 3472 680 3531 etc.
703 3462 726 3553 †
742 3465 861 3532 Roma.
880 3465 961 3530 Alia
976 3483 1095 3530 manu:
1115 3464 1210 3548 1566.
1230 3463 1402 3551 Augusta.
1420 3465 1459 3533 P.
1475 3466 1585 3534 Nata—

359 3582 403 3648 le.
424 3599 467 3669 29
482 3579 517 3647 di
534 3579 689 3668 Maggi0.

366 3720 576 3730 ι--ι-ι-

413 3796 422 3828 ¹
459 3795 503 3850 Ex
524 3795 695 3867 archetypo,
717 3811 735 3850 a
756 3793 890 3866 jimenez
906 3802 1036 3864 exarato,
1053 3803 1084 3851 et
1106 3793 1219 3850 Natalis
1239 3809 1327 3850 manu
1348 3792 1525 3869 subscripto,
1547 3796 1581 3853 in

358 3881 461 3955 Epist.
476 3881 599 3949 Natat„
614 3884 654 3955 11,
667 3884 753 3940 unico
766 3882 830 3956 iol„
844 3883 895 3955 134
908 3887 995 3956 (547).

411 3977 422 4006 ¹
459 3971 558 4045 Scipio
569 3973 772 4039 Lancillottus,
785 3974 823 4030 de
835 3991 893 4047 quo
906 3973 973 4030 vide
987 3974 1073 4047 epist.
1087 3972 1151 4045 398,
1166 3993 1194 4030 n.
1212 3986 1237 4038 1,
1250 3991 1318 4029 cum
1330 3981 1430 4032 annot.

411 4063 422 4098 ³
459 4061 534 4120 Vide
548 4062 637 4137 epist.
653 4061 717 4132 365,
730 4081 759 4122 n.
774 4078 802 4138 23
815 4062 923 4137 Ρῃμι.
941 4078 969 4136 23
983 4063 1047 4138 396,
1060 4081 1090 4119 n.
1103 4079 1131 4137 93
1146 4061 1253 4138 et398,
1267 4080 1297 4119 n.
1311 4079 1339 4134 9.
