3494 5392
407 429 425 485 8
798 427 905 486 Esssr.
925 425 960 483 P.
979 423 1184 498 Nanos-352

375 582 476 649 modo
491 581 612 648 adesso
628 578 664 645 di
680 577 803 646 fundar
819 601 867 648 un
882 577 1028 666 collegio
1044 578 1080 646 in
1096 579 1209 665 quella
1223 579 1319 661 cista,
1337 598 1423 666 capo
1437 576 1472 644 di
1487 577 1611 644 Mora-

378 697 445 779 uia‚
463 695 553 764 uada
568 696 633 766 che
649 715 730 762 cosa
750 695 775 762 li
794 717 876 783 pare
899 717 938 766 se
960 695 984 762 li
1007 694 1131 764 debbia
1153 694 1350 782 rispondere
1370 693 1507 779 quando
1526 695 1611 758 sara

376 813 571 880 consultato
598 811 654 880 del
676 810 883 898 prouintiale
905 811 941 878 di
967 811 1126 895 Austria,
1147 832 1220 878 non
1242 813 1275 878 si
1297 809 1440 899 ligando
1458 815 1545 896 pero
1567 809 1611 873 al

375 933 532 996 aoeeitar.
580 923 582 928 ’

291 1044 292 1050 ’
447 1063 497 1130 13.
546 1045 706 1112 Ildottor
722 1045 829 1112 Paolo
847 1043 951 1113 Offeo
971 1042 1094 1113 scrisse
1113 1043 1198 1113 certi
1222 1041 1351 1110 trattati
1371 1043 1415 1109 ad
1433 1039 1609 1110 instancia

376 1160 432 1232 del
447 1159 537 1226 duca
551 1159 587 1226 di
604 1159 766 1240 Bauiera‚
789 1158 813 1226 li
834 1158 926 1245 quali
954 1160 990 1226 iu
1011 1157 1128 1226 scritto
1148 1158 1178 1226 si
1199 1157 1404 1226 mostrasino
1430 1157 1463 1224 al
1485 1158 1610 1225 dottor

376 1276 557 1343 Theodoro
576 1277 583 1309 ¹
601 1286 637 1342 et
653 1275 768 1342 dottor
784 1275 934 1342 Thomas
949 1275 1074 1343 Galio'
1092 1275 1146 1342 col
1163 1275 1274 1342 Padre
1294 1271 1480 1362 prouincial
1493 1271 1610 1340 Cani-

373 1389 425 1457 sio
440 1414 447 1456 :
466 1394 564 1477 potra
574 1389 598 1456 il
610 1391 652 1458 Ρ.
667 1391 780 1474 Natal,
794 1390 905 1460 inteso
918 1389 941 1456 il
954 1411 1052 1478 parer
1066 1391 1151 1471 loro,
1166 1389 1329 1459 risoluere
1341 1410 1378 1456 se
1390 1387 1419 1455 si
1431 1387 1609 1456 debbiano

277 1559 278 1562 ,
379 1504 554 1591 publicare
570 1507 594 1574 ⁸.

449 1639 499 1703 14.
549 1621 641 1707 Quel
664 1631 804 1690 trattato
832 1633 951 1690 contra
977 1622 1001 1689 li
1029 1621 1193 1705 trideiste,
1219 1620 1516 1689 raccommandato
1541 1640 1611 1705 per

379 1735 401 1800 l’
420 1735 643 1804 arciuescouo
663 1738 882 1824 gnesnense⁴
899 1737 974 1826 (cui
993 1737 1110 1826 scripti
1130 1758 1197 1805 con
1217 1737 1242 1803 l'
1263 1737 1349 1804 altro
1375 1738 1439 1804 che
1461 1734 1491 1802 si
1512 1735 1608 1804 deue

377 1871 578 1938 oppugnare
598 1852 654 1920 del
674 1851 824 1940 palatino
846 1852 1001 1923 vilnense
1017 1855 1029 1889 ⁸
1045 1853 1136 1922 tiene
1162 1852 1199 1918 in
1224 1872 1325 1919 mano
1349 1850 1373 1917 il
1399 1851 1440 1918 P.
1466 1849 1604 1933 Natal),

378 1968 407 2032 s’
426 1988 484 2034 era
498 1965 641 2034 risoluto
655 1968 688 2036 lo
710 1967 897 2037 faccessino
917 1968 1021 2054 quelli
1042 1968 1078 2035 di
1093 1967 1252 2051 Ausum,
1269 1979 1304 2035 et
1326 1964 1546 2054 ingolstadio,
1567 1975 1606 2035 et
1712 1978 1713 2004 ¹

379 2079 530 2168 Dilinga,
549 2092 584 2150 et
609 2083 667 2170 poi
682 2083 716 2149 lo
731 2083 948 2150 mandassino
963 2105 983 2150 a
999 2086 1117 2152 Roma.
1137 2085 1232 2152 Hora
1248 2083 1277 2152 si
1297 2081 1431 2151 rimette
1446 2081 1472 2148 il
1486 2080 1608 2170 giudi-

380 2196 428 2263 tio
443 2196 479 2262 di
495 2197 609 2282 quello
624 2200 688 2265 che
703 2199 776 2266 loro
794 2199 937 2266 saranno
953 2200 986 2267 al
1003 2201 1043 2267 P.
1061 2201 1204 2281 Nataie,
1221 2198 1245 2266 il
1265 2199 1364 2284 quale
1386 2197 1487 2268 etiam
1507 2202 1610 2285 potra
1715 2231 1716 2234 ¹

380 2309 465 2378 darli
477 2310 597 2380 ordine
608 2331 706 2381 come
717 2312 886 2380 debbiano
893 2314 1085 2400 procedere,
1100 2320 1131 2382 et
1142 2322 1227 2382 sarci
1239 2315 1301 2381 ben
1312 2314 1610 2404 oonssrirlocosa
1716 2312 1717 2316 ’

379 2425 430 2491 col
445 2426 623 2492 cardinale
637 2429 854 2494 narmiensc⁸
873 2435 904 2494 et
922 2429 1132 2496 Comcndona
1149 2433 1173 2497 ¹.

451 2557 502 2625 15.
551 2541 649 2609 Veda
659 2542 694 2608 di
705 2542 858 2624 mandat,
873 2564 894 2609 o
907 2549 958 2611 iar
973 2547 1037 2612 che
1052 2543 1282 2632 liprouintiali
1293 2545 1454 2618 mandino
1465 2567 1486 2612 a
1498 2547 1610 2614 Roma

380 2654 494 2722 alcuni
510 2656 618 2724 buoni
632 2657 786 2746 soggetti
801 2657 837 2724 di
853 2659 966 2743 quelle
981 2659 1126 2742 nationi,
1144 2661 1236 2748 quali
1255 2661 1352 2729 siano
1373 2658 1553 2729 seminario
1570 2660 1609 2728 in
1720 2646 1721 2656 ἵ

379 2780 500 2856 questo
516 2769 674 2859 collegio,
688 2794 750 2860 per
761 2773 883 2859 poterli
894 2773 952 2862 poi
963 2773 1133 2842 rimandar
1144 2774 1204 2863 piit
1220 2774 1307 2859 utili,
1325 2796 1347 2843 o
1362 2776 1453 2845 nelle
1467 2777 1603 2858 lettere,

379 2905 401 2951 o
417 2886 473 2951 nel
485 2907 653 2972 gouerno‚
665 2893 697 2954 at
712 2890 948 2975 spacialmonta
955 2899 1021 2978 par
1032 2894 1159 2958 mastri
1169 2891 1210 2958 da
1221 2893 1360 2973 nouicii‚
1372 2904 1407 2960 et
1418 2894 1480 2960 dar
1491 2913 1607 2961 esser-

376 2999 448 3066 citii
463 3000 642 3086 spirituali:
659 3013 695 3070 et
710 3025 792 3091 pare
807 3004 836 3072 si
848 3005 1036 3074 doueriano
1047 3007 1209 3076 mandare
1221 3007 1407 3077 solamente
1423 3007 1527 3093 quelli
1539 3009 1609 3077 che

437 3297 445 3330 ¹
483 3295 517 3350 P.
540 3295 713 3352 Theodorus
732 3297 884 3370 Peltanus,
902 3298 936 3354 S.
958 3299 1006 3372 J.,
1028 3300 1141 3376 dequo
1163 3301 1280 3376 saepius
1296 3301 1407 3359 dictum
1429 3303 1460 3359 in
1477 3301 1611 3359 secundo

387 3389 468 3438 tomo
481 3383 671 3456 epistolarum
684 3385 812 3443 Natalis.

431 3474 443 3506 ¹
481 3472 516 3528 P.
534 3473 663 3530 Thomas
676 3475 790 3544 Gallus,
804 3476 835 3532 ni
847 3477 985 3550 fallimur,
998 3485 1061 3534 erat
1073 3477 1220 3552 professor
1232 3479 1263 3536 in
1272 3481 1398 3552 collegio
1407 3479 1555 3553 Dilingae.
1571 3483 1608 3540 In

381 3557 457 3616 cod.
470 3561 499 3626 6,
513 3559 568 3618 fol.
585 3575 629 3634 10,
643 3564 716 3620 haec
728 3563 766 3621 de
775 3564 826 3621 ilio
839 3566 993 3632 habentur,
1005 3566 1082 3624 inter
1094 3585 1140 3634 aa,
1155 3587 1247 3642 «quae
1256 3569 1332 3627 dixit
1341 3569 1434 3626 Rdus.
1445 3571 1479 3626 P.
1490 3570 1605 3628 Natalis

378 3647 549 3722 Dilingae.o
573 3651 618 3708 D.
644 3652 772 3708 Thomas
789 3653 881 3711 libere
897 3660 973 3728 agat
986 3673 1055 3711 cum
1071 3657 1230 3730 discipulis
1246 3660 1322 3716 suis.
1344 3661 1391 3717 De
1408 3660 1514 3717 eodem
1530 3661 1604 3717 haec

376 3737 465 3794 habet
477 3739 747 3813 Banuususuom
763 3741 883 3799 Canisii
894 3745 991 3818 epist,
1006 3745 1030 3811 1,
1043 3745 1107 3817 654:
1127 3747 1270 3804 «Thomas
1288 3747 1402 3820 Gallus,
1419 3748 1603 3823 iridbergen·

376 3827 429 3897 sis,
443 3844 519 3883 anno
535 3827 604 3897 156ο
615 3830 726 3886 Romae
739 3829 901 3903 ingressus,
914 3833 932 3887 6
945 3834 1076 3905 Januarli
1091 3835 1156 3904 1561
1172 3846 1259 3894 «vota
1272 3839 1529 3896 scholastioorumr
1542 3839 1602 3896 edi·

376 3913 420 3971 dit
430 3915 619 3990 ('Catalogus
627 3918 806 3992 dilingam,
816 3920 849 3978 31
863 3923 1038 3980 Decembris
1050 3925 1118 3995 1566
1127 3926 1250 3982 Romam
1261 3927 1380 3994 missus,
1389 3929 1410 3985 1.
1423 3945 1451 3985 c.
1461 3926 1483 3984 f.
1497 3930 1603 4000 402¹).r

429 4005 441 4038 ³
477 4004 528 4062 Cf.
546 4006 749 4082 Saccumuu,
762 4011 904 4068 Historia
918 4013 1077 4069 &metatis
1085 4013 1174 4088 jesu,
1191 4025 1269 4090 part.
1287 4017 1346 4089 111,
1365 4017 1419 4074 lib.
1441 4018 1466 4084 1,
1484 4035 1517 4074 a.
1537 4031 1601 4088 105.

430 4095 443 4128 ⁴
478 4093 608 4166 Joanues
635 4098 851 4166 Praerembslsi,
877 4101 915 4158 de
939 4117 998 4174 quo
1021 4101 1132 4160 dictum
1156 4113 1203 4161 est
1231 4106 1262 4162 in
1286 4107 1389 4180 Epist.
1417 4106 1541 4179 Nolui„
1565 4109 1607 4180 11,

376 4197 511 4253 saeptus.

430 4274 441 4307 ³
480 4271 531 4329 Cf.
548 4271 751 4344 Saccmrttm,
764 4279 824 4334 loc.
838 4279 909 4346 cit..
921 4288 1001 4352 part.
1019 4281 1074 4351 ΙΙΙ,
1088 4284 1145 4340 lib.
1162 4284 1186 4356 1,
1206 4303 1235 4341 n.
1254 4286 1321 4342 106.

375 4447 396 4503 d
429 4362 441 4396 ⁶
479 4361 646 4420 Staoislaus
659 4366 779 4438 Hosius,
792 4368 977 4440 notissimus,
990 4379 1021 4428 et
1033 4370 1247 4446 frequenterin
1263 4374 1310 4432 his
1324 4377 1608 4435 Moroummrstau·

397 4457 477 4507 atus.

427 4543 437 4574 ²
474 4541 604 4612 Joannss
626 4543 800 4602 Franciscus
817 4545 1066 4616 Commendonus,
1094 4553 1210 4624 lagatus
1227 4554 1405 4626 apostolicus
1428 4555 1459 4612 in
1474 4553 1603 4611 comitiis

374 4629 559 4700 augustanis.
