3482 5386
437 507 491 579 788
871 511 975 567 Eersr.
995 508 1028 562 P.
1050 507 1165 564 Nonne

402 661 502 730 nobis
518 663 624 729 Rdus.
645 662 680 728 in
703 661 841 728 Christo
863 664 965 730 Pater
989 660 1130 740 Natalis,
1156 681 1234 752 curn
1254 659 1404 726 omnium
1420 667 1572 724 nostrum
1586 657 1618 726 in

403 750 552 818 Domino
568 750 812 818 consolatione.
827 749 954 836 Aliqua
970 749 1071 818 etiam
1087 749 1123 816 in
1139 749 1284 835 collegio
1300 747 1489 826 constituit,
1503 767 1617 813 secun-

403 840 486 906 dum
503 839 611 926 ipsius
628 840 662 905 in
678 839 825 906 Domino
841 838 1021 906 discretam
1034 836 1261 924 prudentiam,
1274 848 1310 903 et
1325 835 1496 902 ordinauit
1507 837 1617 902 admo

403 929 485 995 dum
501 927 600 994 nobis
615 927 711 1012 utilia
728 938 762 995 et
778 937 886 1014 grata;
905 929 948 994 de
964 926 1088 1012 quibus
1103 939 1186 1012 puto
1200 927 1311 1012 ipsum
1328 928 1369 993 R.
1390 927 1429 992 P.
1454 927 1497 992 V.
1521 923 1616 990 latius

401 1016 675 1084 informaturum.
695 1015 843 1102 Agimus
858 1013 986 1102 gratias
1000 1019 1076 1084 Deo
1092 1026 1125 1082 et
1141 1017 1182 1082 R.
1199 1019 1240 1084 P.
1258 1017 1300 1082 V.
1319 1015 1362 1080 de
1378 1035 1441 1080 suo
1457 1013 1612 1100 singulari

403 1127 487 1192 erga
506 1128 570 1172 nos
589 1116 730 1192 paterno
747 1107 884 1187 affectu,
902 1126 971 1190 quo
990 1125 1053 1170 nos
1080 1104 1208 1171 solatur
1234 1115 1268 1172 et
1293 1102 1421 1188 dirigit,
1445 1113 1484 1168 ut
1499 1103 1531 1167 in
1547 1102 1614 1168 dies

401 1215 596 1263 crescamus
623 1194 657 1259 in
680 1193 876 1280 cognitione
902 1203 936 1260 et
963 1214 1076 1260 amore
1102 1191 1290 1259 uocationis
1317 1203 1464 1258 nostrae.
1484 1193 1527 1256 Et
1541 1190 1612 1274 quia

401 1286 442 1350 R.
463 1287 500 1352 P.
518 1282 648 1350 Natalis
664 1285 805 1367 parabat
821 1281 962 1362 abitum,
977 1289 1175 1366 occupatus,
1189 1279 1504 1366 inpraesentiarum
1516 1280 1612 1345 multa

401 1371 551 1439 scribere
562 1393 630 1437 non
643 1371 749 1456 potui,
765 1373 825 1438 sed
837 1374 902 1437 hoc
915 1372 1023 1438 solum
1040 1371 1189 1436 indicare
1201 1371 1357 1438 uolebam
1370 1368 1485 1434 omnia
1496 1367 1614 1453 optime

321 1537 323 1542 Ι
400 1461 500 1527 nobis
514 1461 661 1546 placere,
679 1481 767 1544 quae
781 1463 884 1526 Pater
900 1459 956 1525 hic
968 1458 1179 1526 ordinauit...

976 1673 1054 1739 XLI

674 1812 714 1870 S.
744 1811 1073 1870 snnncrscos
1101 1813 1164 1868 nn
1191 1810 1353 1884 30an

806 1959 913 2005 PATRI
926 1959 1087 2006 ANTONIO
1109 1958 1218 2006 VINCK

715 2082 877 2163 Romae,
911 2081 931 2146 8
963 2079 1117 2165 Aprilis
1152 2081 1249 2165 1567
1284 2083 1310 2148 ¹.

398 2221 589 2286 Curandum,
602 2226 634 2276 ut
644 2237 739 2276 novus
748 2222 987 2293 archiepiscopus
996 2221 1172 2278 trevirensis
1177 2221 1256 2295 fidei
1261 2220 1480 2294 professionem
1489 2221 1605 2277 mutar.

524 2347 629 2430 molto
641 2346 874 2413 conuerrebbe
885 2348 948 2411 che
960 2346 1130 2413 mandassi
1142 2345 1166 2412 il
1178 2367 1270 2412 nouo
1286 2345 1509 2413 arciuescouo
1522 2347 1532 2378 ¹
1545 2365 1603 2408 una

397 2437 489 2502 bona
504 2433 718 2503 confessione
730 2435 818 2500 della
833 2455 896 2500 sua
912 2434 1001 2515 fede,
1019 2435 1227 2502 sottoscritta
1239 2435 1273 2501 di
1290 2457 1351 2502 sua
1363 2457 1466 2500 mano
1476 2445 1509 2501 et
1518 2433 1601 2518 sigil-

396 2526 466 2591 lata
481 2525 537 2591 col
552 2545 615 2590 suo
631 2523 754 2610 sigillo,
774 2544 870 2590 come
885 2521 1066 2589 habbiamo
1083 2523 1171 2590 uisto
1187 2546 1256 2590 una
1272 2525 1326 2591 del
1347 2545 1495 2592 vescouo
1513 2543 1600 2588 osna-

397 2614 597 2700 burgense³
626 2623 661 2680 et
688 2611 966 2694 monasteriense,
995 2622 1030 2677 et
1056 2613 1101 2678 V.
1127 2615 1166 2681 R.
1186 2613 1322 2698 procuri
1338 2633 1398 2698 per
1424 2633 1501 2680 seo
1514 2609 1598 2697 peril

398 2703 438 2768 P.
458 2705 518 2768 Dr.
539 2703 724 2786 Hermann,
743 2703 807 2768 che
824 2702 845 2765 l'
863 2700 1083 2782 arciuescouo
1100 2701 1204 2768 faccia
1222 2703 1268 2767 tal
1280 2701 1492 2767 confessione
1507 2699 1599 2765 molto

397 2811 562 2874 espressa,
581 2791 704 2874 perche
720 2791 806 2855 oltra
821 2789 856 2854 di
871 2789 1131 2856 accomodarsia
1146 2791 1258 2876 quello
1273 2793 1337 2858 che
1353 2789 1480 2858 ricerca
1495 2789 1597 2854 iloon-

397 2877 486 2960 cilio,
510 2877 701 2944 abracclato
721 2878 755 2944 in
777 2889 897 2962 questa
917 2879 1008 2946 dieta
1027 2887 1219 2964 augustana
1239 2884 1375 2964 passata
1398 2878 1477 2945 dalli
1492 2875 1596 2962 prelati

395 2967 555 3033 catholici
567 2967 601 3046 di
617 2965 812 3048 Germania,
830 2989 899 3032 non
919 2966 1082 3032 dubitano
1098 2967 1179 3035 dara
1199 2967 1324 3054 special
1344 2966 1595 3034 consolationea

395 3057 466 3125 Sua
482 3057 565 3136 Sta,
585 3065 619 3123 et
637 3057 799 3122 facilitate
815 3059 923 3122 anche
939 3055 962 3120 il
978 3055 1117 3141 negotio
1133 3057 1219 3122 della
1235 3077 1297 3122 sua
1312 3055 1591 3122 confirmatione...
1608 3101 1612 3112 .

395 3145 495 3211 Circa
511 3145 534 3210 il
551 3144 731 3211 continuar
746 3166 766 3210 o
782 3144 902 3210 lasciar
917 3145 996 3228 quel
1012 3144 1175 3230 principio
1192 3145 1276 3213 fatto
1292 3145 1326 3209 in
1339 3143 1542 3222 Fransordia,
1558 3141 1596 3206 mi

395 3234 443 3299 ho
459 3234 601 3300 rimesso
628 3235 659 3299 al
688 3237 730 3300 P.
754 3233 886 3313 Natale,
905 3233 928 3297 il
945 3233 1043 3317 quale
1060 3255 1097 3302 se
1119 3233 1148 3299 si
1165 3233 1309 3300 trouassi
1325 3233 1360 3300 in
1376 3236 1531 3311 Treuere,
1547 3251 1596 3296 ac·

395 3322 476 3390 cetti
493 3332 613 3408 questa
629 3343 725 3388 come
744 3343 818 3401 sua,
841 3321 1079 3406 specialmente
1100 3332 1227 3407 quanto
1250 3324 1281 3388 al
1298 3343 1460 3409 procurar
1478 3323 1508 3388 la
1526 3340 1595 3385 con-

396 3411 545 3478 fessione
561 3411 617 3497 gia
633 3413 725 3476 detta
741 3410 775 3476 in
791 3412 861 3476 bon
876 3411 1017 3478 modo...
1034 3413 1100 3477 Per
1116 3413 1228 3496 quello
1244 3414 1308 3480 che
1320 3414 1362 3479 V.
1378 3414 1418 3479 R.
1436 3410 1539 3478 scriue
1549 3408 1595 3474 del

395 3500 434 3565 P.
451 3501 584 3580 Natale,
614 3502 678 3566 che
704 3519 773 3564 non
788 3499 817 3564 si
838 3499 943 3565 lascia
970 3509 1120 3580 trattare,
1139 3501 1288 3568 secondo
1304 3503 1366 3566 che
1382 3501 1414 3567 la
1431 3521 1490 3566 sua
1505 3499 1552 3565 eta
1565 3505 1593 3560 et

393 3587 641 3674 indispositioni
657 3588 841 3667 ricercan0,
860 3588 904 3654 do
920 3587 1037 3656 ordine
1053 3589 1085 3655 al
1101 3590 1139 3654 P.
1161 3589 1338 3669 Ximenez,
1356 3589 1451 3655 accii)
1470 3585 1593 3652 insieme

393 3679 446 3743 col
462 3677 669 3763 prouinciale
682 3699 702 3743 o
713 3687 820 3744 rettor
831 3677 886 3742 del
898 3677 1054 3764 collegi0,
1069 3678 1158 3744 doue
1173 3679 1202 3745 si
1219 3681 1366 3759 trouaral,
1378 3679 1403 3744 li
1414 3697 1550 3764 possano
1564 3673 1591 3738 in

393 3778 513 3850 questa
529 3777 624 3852 parte
641 3768 853 3833 comandare.

446 3973 455 4006 ¹
492 3971 536 4024 Ex
548 3969 689 4040 Regesto,
705 3967 776 4024 Cod.
792 3984 824 4040 33
835 3969 883 4043 g),
898 3969 949 4025 fol.
962 3983 993 4039 7.
1009 3971 1085 4027 Vide
1098 3987 1167 4045 pag.
1186 3970 1249 4041 453;
1263 3980 1293 4028 et
1306 3973 1368 4044 468.

445 4062 456 4094 r
493 4059 621 4129 Jacobus
633 4059 671 4113 ab
683 4059 759 4130 Eltz,
774 4061 821 4114 vel
835 4059 899 4114 Elz.
1140 4061 1153 4094 ³
1189 4061 1318 4132 joannes
1332 4063 1373 4117 IV
1385 4063 1422 4118 de
1435 4063 1526 4133 Hoya.
