3482 5386
436 464 491 519 800
867 467 971 520 Emsr.
992 464 1025 520 P.
1046 465 1159 522 Naum

468 617 652 702 Inscriptio
680 619 717 683 in
744 625 868 705 quarta
889 619 1038 706 pagina:
1053 619 1139 685 Rd0.
1166 618 1262 684 Patri
1284 621 1375 686 Dno.
1400 615 1517 706 Joanni
1537 618 1602 684 Po-

400 708 521 785 lanco,
551 726 668 772 sacrae
691 708 885 793 theologiae
918 707 1071 786 doctori,
1099 707 1280 776 Societatis
1306 710 1415 795 Jhesu
1446 706 1600 772 canceila-

399 794 462 876 rio,
481 804 563 875 etc.,
582 794 680 861 nobis
696 795 731 864 in
746 797 884 865 Christo
899 795 1097 862 charissimo
1113 805 1148 865 ct
1163 797 1378 863 honorando.
1400 795 1477 860 Alia
1491 815 1601 859 manu:

399 907 433 986 p.
453 907 484 952 e.
502 905 547 949 m.
571 885 662 949 Alia:
681 885 722 950 C.
753 885 848 969 1567.
878 885 1099 970 Heilspergh.
1130 881 1303 952 Cardinal.
1332 882 1535 952 varmiensis.
1556 900 1598 966 13

963 1143 1053 1209 LVII

762 1275 797 1330 P.
820 1273 1073 1333 LAURENTIUS
1096 1273 1250 1331 MAGIUS

608 1410 802 1459 stricto
837 1411 1122 1460 raanc1sco
1156 1412 1215 1460 os
1250 1412 1406 1474 130th

714 1523 949 1604 Vindobonae,
969 1543 981 1591 1
998 1524 1160 1591 Octobris
1177 1525 1259 1608 1567
1277 1528 1299 1594 ¹.

761 1656 808 1712 De
820 1656 926 1711 ordine
936 1658 1042 1712 domus
1051 1657 1249 1727 probationis.

464 1769 617 1840 ..Nella
633 1792 712 1838 casa
727 1781 844 1838 nostra
858 1772 892 1838 di
909 1771 1150 1858 probatione
1124 1793 1152 1838 ει
1172 1772 1292 1858 siegue
1308 1774 1388 1857 quel
1410 1771 1521 1839 ordine
1535 1772 1600 1837 che

394 1857 429 1925 di
445 1825 560 1925 costi
548 1881 565 1926 e
582 1863 754 1961 mandam,
773 1873 808 1928 et
823 1860 926 1928 chel'
943 1882 1033 1928 anno
1054 1871 1189 1946 passato
1209 1861 1351 1929 reuidde
1370 1861 1394 1926 il
1415 1863 1454 1929 P.
1469 1861 1597 1929 Natale.

393 1947 420 2014 Il
435 1949 476 2016 P
491 1951 517 2015 F
519 1969 671 2016 rancisco
687 1950 841 2016 Antonio
859 1950 948 2017 tiene
964 1972 1010 2016 un
1013 1951 1125 2016 ’altro
1141 1949 1228 2016 assai
1244 1949 1302 2035 pid
1317 1952 1434 2034 breue,
1448 1961 1479 2016 et
1493 1949 1598 2016 anche

391 2035 542 2121 diuerso,
561 2050 595 2104 et
611 2037 688 2104 dice
704 2038 810 2105 che'
785 2061 813 2104 sr
829 2061 927 2106 serua
944 2038 1043 2107 costi.
1061 2037 1181 2105 Vorrei
1197 2059 1316 2124 sapere
1330 2025 1410 2124 qual
1430 2037 1519 2123 piace
1536 2037 1597 2102 alla

392 2123 433 2193 P
452 2127 496 2195 V.
514 2128 580 2192 che
596 2127 810 2214 segnitiamo
824 2139 859 2194 et
875 2130 942 2194 che
958 2149 988 2193 cr
980 2127 1090 2195 fosse
1105 2128 1266 2193 mandato
1281 2149 1363 2194 cosa
1379 2139 1470 2195 certa
1484 2135 1516 2194 et
1532 2127 1597 2192 ier-

391 2217 515 2284 ma.1n
532 2215 769 2284 substantiale
793 2237 872 2284 cose
888 2216 934 2282 mi
950 2217 1070 2302 paiono
1085 2218 1119 2284 le
1134 2217 1328 2296 medesime,
1346 2237 1403 2281 ma
1418 2216 1441 2281 il
1456 2216 1598 2280 modoet

390 2302 423 2369 la
439 2305 598 2372 methodo
614 2325 698 2370 sono
714 2305 853 2373 diuersi.
873 2306 897 2370 II
914 2306 1099 2374 medesimo
1115 2304 1192 2371 dico
1206 2306 1284 2373 deII'
1302 2325 1433 2372 essame
1449 2307 1508 2370 che
1522 2324 1551 2368 sl
1541 2301 1597 2366 Ia

387 2398 464 2477 post
479 2393 690 2480 ingressum,
706 2395 745 2460 in
755 2395 876 2478 prima
887 2393 1093 2496 probatione,
1109 2395 1245 2460 benehe
1266 2393 1290 2458 iI
1305 2394 1406 2460 modo
1420 2394 1474 2462 del
1488 2403 1598 2458 nostro

391 2501 534 2562 essame,
553 2482 708 2549 ordinato
724 2483 779 2548 dal
792 2483 832 2551 P.
851 2483 982 2563 Natalc,
999 2481 1045 2548 mi
1061 2481 1158 2568 piace
1173 2482 1274 2551 assai.

949 2651 1054 2717 LVIII

732 2782 769 2836 P.
793 2778 1040 2838 FRANCISCUS
1059 2779 1265 2840 COSTERUS

673 2918 828 2966 sancto
852 2919 1089 2966 FRAthsco
1113 2920 1165 2967 oc
1194 2918 1326 2980 BORJA

611 3029 728 3099 Sancti
755 3031 954 3112 Audomari,
986 3051 1024 3117 31
1055 3032 1217 3101 Octobris
1249 3035 1330 3117 1567
1357 3033 1384 3100 ⁸.

509 3161 630 3217 Natalis
639 3167 726 3236 gesta
739 3165 935 3234 antverpiae,
950 3165 1116 3236 Bruxellis,
1136 3165 1291 3237 Gondavi,
1315 3165 1445 3219 Tornaci
1455 3167 1483 3220 et

847 3253 953 3308 Sancti
967 3255 1146 3310 Audomari.

516 3367 657 3434 Fuimus
673 3366 770 3433 initio
790 3367 892 3434 huius
913 3369 1039 3434 mensis
1059 3369 1288 3455 Antuerpiae,
1306 3380 1343 3435 vt
1364 3370 1404 3437 P.
1431 3371 1473 3437 T.
1495 3385 1591 3452 nuper

385 3455 591 3542 significaui.
610 3455 753 3540 Scripsit
772 3456 851 3524 inde
864 3459 906 3526 R.
930 3458 970 3526 P.
992 3458 1124 3524 Natalis
1146 3461 1190 3526 de
1205 3458 1366 3524 instantia
1385 3457 1588 3542 hispanorum

355 3567 360 3578 ¹
385 3567 446 3630 pro
462 3545 597 3612 duobus
613 3545 771 3611 Patribus
787 3567 869 3612 suae
885 3546 1040 3626 nationis,
1064 3546 1188 3630 quibus
1205 3547 1311 3615 literis
1331 3567 1410 3613 cum
1426 3567 1494 3632 ego
1508 3563 1589 3611 meas

385 3633 608 3714 adiunxerim,
623 3656 691 3700 non
708 3645 760 3702 est
775 3636 867 3718 quod
879 3637 999 3701 addam
1016 3633 1119 3715 aliud,
1138 3657 1240 3720 quam
1255 3646 1293 3701 vt
1310 3637 1350 3704 P.
1364 3635 1409 3704 V.
1428 3655 1539 3721 rogem
1549 3652 1587 3696 ne

385 3721 532 3808 patiatur
552 3725 662 3789 bonos
681 3721 756 3789 illos
776 3734 810 3789 et
830 3723 986 3791 liberales
1005 3725 1160 3791 dominos
1180 3747 1242 3792 sua
1264 3735 1331 3792 tam
1357 3724 1516 3790 diuturna
1534 3739 1586 3787 ex·

384 3811 578 3896 peetatione
595 3811 792 3880 frustrari...
1426 3811 1585 3888 m

448 3899 641 3986 Antuerpia
656 3903 829 3985 protectus
845 3909 897 3968 est
924 3900 965 3968 P.
993 3900 1124 3967 Natalis
1151 3900 1351 3988 BruxellaIS]
1376 3917 1412 3966 11
1432 3895 1584 3979 minster

382 4007 449 4074 ego
465 4009 544 4054 cum
556 3989 643 4075 ipso,
661 3989 830 4057 Salutauit
846 3989 913 4054 illic
925 3989 1047 4056 ducem
1068 3991 1275 4069 albanum&
1293 4009 1401 4074 aquo
1422 3983 1583 4053 humanis·

382 4077 467 4143 sime
487 4089 522 4146 et
542 4099 644 4164 supra
668 4099 803 4144 omnem
825 4078 1095 4164 expectationem
1119 4089 1171 4146 est
1198 4089 1389 4164 susceptio,
1410 4077 1520 4143 iussus
1538 4093 1585 4138 se·

382 4167 475 4247 dere,
495 4177 599 4252 caput
614 4166 758 4253 operire,
772 4176 853 4246 etc,
870 4188 982 4252 neque
996 4166 1089 4253 prius
1105 4169 1160 4233 vel
1173 4169 1290 4236 sedere
1303 4167 1357 4234 vel
1369 4175 1473 4252 eaput
1484 4175 1584 4248 tegere

437 4361 444 4392 ‘
485 4361 528 4414 Ex
541 4361 733 4432 autographo,
748 4360 778 4415 in
794 4359 869 4416 Cori.
886 4375 925 4429 29
935 4365 982 4434 g),
995 4376 1030 4430 44
1043 4363 1129 4432 (227).

433 4454 444 4485 ¹
482 4451 526 4505 Ex
548 4452 738 4524 autographo,
763 4450 793 4506 in
816 4449 891 4506 Cod.
917 4463 956 4519 29
975 4451 1024 4524 g),
1045 4449 1098 4520 345
1122 4449 1212 4522 (169).
1239 4451 1314 4508 Vide
1335 4451 1425 4524 epist.
1453 4449 1510 4520 4893
1529 4453 1582 4511 4943

381 4545 412 4591 et
427 4538 682 4682 {aePerdinandus
696 4627 822 4682 Alvarez
834 4627 872 4682 de
884 4627 1009 4683 Toledo.
1028 4626 1104 4683 Vide
1117 4625 1207 4700 epist.
1224 4640 1288 4698 497,
1301 4645 1334 4683 n.
1350 4644 1382 4698 9.
