3482 5386
612 549 614 554 ν
689 525 856 580 Amanum
1292 534 1345 594 795

119 673 320 756 diuimuS,
337 676 496 757 vidimus,
514 686 548 744 et
563 677 599 743 in
615 675 749 763 scriptis
764 677 966 778 recepimus.
985 679 1116 744 Omnes
1126 673 1334 742 exammaurt
1344 685 1384 742 et

121 761 372 850 singulorum
403 766 633 868 confessiones
663 764 806 833 audiuit.
840 765 976 832 Primus
1011 764 1197 832 celebrauit
1228 763 1379 830 officium

125 851 248 919 feriae
268 865 395 922 sextae
417 855 452 920 in
476 855 677 941 septimana
687 866 806 922 sancta
827 853 864 921 in
886 865 1004 921 nostro
1026 853 1215 921 domestico
1238 852 1377 934 sacello;

124 940 369 1040 fecimusque
384 943 510 1011 ibidem
526 946 743 1031 sepulchrum
759 942 979 1024 dominicum,
998 953 1033 1011 et
1046 964 1108 1028 per
1122 940 1216 1008 vices
1227 951 1329 1010 nocte
1344 951 1382 1008 et

124 1027 306 1096 interdiu
322 1043 471 1133 quatuor
485 1034 644 1119 legerunt
660 1031 869 1118 psalterium,
888 1033 979 1117 quod
996 1031 1159 1098 fratribus
1170 1040 1204 1096 et
1216 1029 1382 1097 studiosis

123 1119 275 1184 nostris
310 1119 574 1187 excitamentum
607 1121 670 1187 fuit
696 1120 900 1188 deuotionis.
931 1120 1146 1206 Singularem
1174 1117 1378 1185 charitatem

122 1206 301 1310 collegio
316 1209 482 1290 exhibuit,
502 1220 536 1277 et
552 1209 710 1277 multam
725 1209 897 1277 meliorem
918 1211 1057 1276 modum
1077 1207 1286 1276 reformauit.
1304 1209 1360 1275 Ac

122 1295 307 1364 curatius
323 1318 415 1364 nunc
430 1259 552 1365 doinus
566 1300 737 1380 seclusae,
757 1309 794 1365 vt
813 1298 897 1365 nulli
917 1308 1031 1385 pateat
1054 1297 1227 1364 transitus.
1246 1295 1379 1363 Nouitii

121 1404 243 1452 suurn
264 1388 481 1473 praefectum
495 1397 530 1454 et
545 1387 707 1454 exercitia
723 1387 870 1467 habent,
889 1398 923 1456 et
939 1389 1027 1491 bene
1043 1385 1239 1473 proficiunt.

749 1558 791 1624 LI

380 1643 381 1646 i
468 1686 1062 1758 S.FRAN01SCUSDEBORJA

545 1826 738 1874 PRIDERICO
758 1827 782 1872 A
803 1824 993 1873 WIRSBERG

501 1941 667 2021 Romae,
698 1957 745 2005 20
772 1937 866 2023 Maji
894 1937 1031 2021 1567¹.

570 2072 616 2127 De
628 2071 749 2144 collegii
760 2071 960 2127 imitatione.

210 2185 387 2256 Redditae
402 2187 484 2253 mihi
504 2188 643 2255 suerunt
661 2188 794 2256 litterae
812 2191 860 2254 D
884 2188 927 2255 V.
947 2187 1073 2254 lllmae.
1097 2184 1198 2252 simul
1218 2206 1296 2250 cum
1319 2183 1374 2250 in

134 2283 344 2344 strumento
357 2278 400 2343 ad
412 2277 644 2344 fundationem
657 2276 791 2363 collegii
803 2276 1006 2362 pertinente,
1018 2284 1053 2341 et
1064 2274 1191 2360 gratias
1204 2295 1271 2359 ago
1283 2275 1370 2353 Deo,

133 2383 156 2426 a
173 2383 255 2448 quo
271 2365 386 2431 omnia
400 2367 491 2431 bona
507 2367 708 2451 procedunt,
725 2365 784 2450 qui
801 2365 902 2434 talem
917 2363 1066 2430 animum
1087 2374 1122 2430 et
1144 2365 1186 2430 de
1209 2361 1376 2464 religione

134 2453 318 2520 catholica
334 2473 376 2519 ac
391 2455 604 2522 subditorum
620 2475 759 2521 suorum
775 2455 886 2522 salute
906 2453 1137 2552 promouenda
1158 2461 1225 2516 tarn
1246 2449 1370 2516 sollici

134 2551 218 2607 turn
236 2545 284 2609 D.
304 2545 346 2610 V.
367 2543 484 2610 Rmae.
502 2544 649 2625 dederit3
668 2553 829 2630 pergrata
844 2541 944 2609 etiarn
961 2539 1046 2607 mihi
1062 2540 1126 2607 fuit
1143 2543 1283 2606 Patrum
1299 2540 1370 2606 Na-

136 2629 222 2696 talis
241 2641 278 2698 et
294 2630 422 2698 Canisii
434 2632 591 2699 alacritas
602 2643 637 2698 et
649 2631 892 2718 promptitudo,
908 2650 975 2715 qua
986 2628 1166 2699 Societatis
1177 2649 1314 2716 operam
1329 2629 1372 2694 ad

137 2717 396 2786 huiusmodi
363 2741 458 2806 prum
474 2721 650 2808 negotium
666 2721 904 2788 obtulerunt..

732 2889 791 2956 LII

556 3021 590 3078 B.
609 3019 762 3078 PETRUS
780 3019 966 3077 CANISIUS

427 3157 588 3206 SANCTO
616 3157 850 3205 FRANCISCO
878 3157 930 3204 DE
958 3157 1089 3218 BORJA

517 3269 690 3356 Dilingae,
713 3289 750 3337 12
763 3269 858 3358 Junii
878 3270 961 3354 1567
974 3269 998 3334 ¹.

303 3403 350 3459 De
361 3403 537 3458 dimissione
556 3403 701 3458 Vischarr'i
713 3403 863 3475 Borgiam
876 3405 905 3457 et
917 3401 1059 3456 Natalem
1070 3399 1209 3455 consulit.

211 3521 297 3586 Post
307 3521 446 3606 longam
459 3517 728 3605 expectationem
741 3517 813 3586 beri
826 3517 1035 3585 coniunctim
1049 3515 1177 3602 accepi,
1189 3536 1277 3600 quae
1290 3539 1369 3604 par·
1420 3527 1422 3531 ’

142 3605 204 3674 tim
224 3622 242 3692 5
260 3608 401 3694 Aprilis,
420 3607 540 3692 partim
558 3626 601 3678 20
614 3606 694 3674 Maii
710 3607 811 3674 scribi
827 3608 870 3672 ad
886 3628 939 3673 me
952 3604 1061 3672 uoluit
1074 3605 1265 3673 Paternitas
1278 3607 1366 3674 Tua

142 3697 242 3764 Alias
261 3718 347 3766 uero
373 3695 462 3762 mitti
484 3698 623 3776 curabo,
646 3717 734 3781 quae
759 3696 803 3764 ad
827 3697 867 3762 Ρ.
886 3696 1042 3762 Natalem
1066 3704 1100 3762 et
1122 3693 1368 3780 prouincialem

143 3786 348 3854 rhenensem
366 3785 509 3870 scriptas
524 3747 625 3851 simui
640 3783 798 3870 accepi...

211 3876 252 3941 P.
268 3875 478 3942 Vischerus³
495 3897 550 3942 me
566 3873 797 3960 superioribus
811 3871 932 3942 diebus
944 3873 1126 3958 Augustae
1142 3870 1319 3954 conuenit,
1333 3882 1370 3938 et

144 4013 346 4026 *n

193 4079 202 4111 ¹
241 4079 286 4133 Ex
299 4079 441 4150 Regesto,
459 4077 531 4134 Cod.
545 4093 579 4149 33
585 4078 634 4152 g),
645 4077 695 4133 iol.
707 4075 751 4132 23.
763 4076 839 4133 Vide
849 4076 936 4150 epist.
948 4088 1011 4146 4773
1022 4074 1086 4146 4783
1097 4083 1128 4130 et
1138 4073 1263 4149 append.
1274 4075 1368 4131 XLV.

191 4166 204 4200 ⁸
240 4165 285 4220 Ex
298 4167 470 4238 archetypo,
484 4165 514 4221 in
528 4165 625 4238 Epist.
642 4163 770 4232 Canisir',
784 4165 821 4234 Il,
840 4177 888 4234 197
903 4163 989 4235 (264).

190 4257 203 4288 ³
239 4255 327 4311 Hunc
340 4255 376 4310 P.
395 4255 580 4310 Vischerium
593 4253 775 4326 suspicamur
791 4271 858 4310 esse
876 4253 1012 4309 eumdem
1029 4253 1173 4323 Joannem
1185 4253 1366 4310 Piscatorem

138 4343 339 4416 sypontinum,
353 4345 682 4414 wurttembergensem,
694 4341 779 4414 cujus
792 4359 916 4398 examen
934 4342 964 4398 in
983 4341 1082 4415 upa-r.
1101 4343 1224 4414 Nolui,
1242 4343 1279 4412 Il,
1301 4343 1364 4412 566,

137 4430 272 4501 hebetum
286 4432 336 4505 qui
349 4431 470 4506 quidem
483 4432 557 4487 alius
571 4449 688 4504 prorsus
701 4438 747 4486 est
760 4448 777 4486 a
794 4431 907 4502 Joanne
925 4431 1084 4499 Piscatore,
1103 4447 1234 4504 romano,
1252 4431 1290 4488 de
1306 4450 1365 4506 quo

61 4523 64 4528 ‘
137 4519 255 4594 scripsit
268 4521 468 4576 Ριτιιιῦιιιιιι
481 4521 511 4576 in
525 4520 706 4594 Menologio,
720 4519 774 4586 ΙΙΙ,
788 4519 886 4575 booz.
902 4518 989 4577 Unde
1002 4519 1216 4576 emendandum
1229 4521 1365 4594 estquod

138 4606 168 4664 in
179 4609 280 4680 Epist.
298 4608 423 4679 Natat„
439 4609 477 4679 Il,
494 4609 556 4680 186,
570 4617 673 4666 annot.
690 4623 718 4680 2,
732 4606 859 4664 diximus
871 4607 909 4665 de
926 4609 1080 4665 Vischerio
1092 4609 1278 4684 (Pisenore),
1296 4627 1364 4667 eum

138 4713 183 4753 sc.
200 4695 294 4754 fuisse
307 4697 480 4770 magistrum
500 4699 531 4755 S.
553 4699 658 4756 Aloisii
676 4698 845 4771 Gonzagae3
865 4717 941 4774 quae
960 4699 1140 4756 conveniunt
1158 4699 1300 4757 Piscatori
1319 4718 1364 4757 ro·
