3494 5392
406 507 482 551 xvrn
729 495 922 554 Pxoonmmr
941 506 1047 550 11111111
1065 503 1236 551 vonuururs

366 646 545 734 praeponit
561 648 652 736 (245,
671 646 847 733 258-269).
865 646 972 715 Hisce
987 644 1146 733 peractis,
1164 644 1361 726 Posonium,
1381 643 1596 713 Olomutium

366 783 402 838 et
418 771 641 841 Cremsirium
659 749 766 853 venit,
790 769 850 838 ubi
875 769 1075 857 episcopum
1096 769 1355 839 'olomucensem
1381 767 1592 838 Gulielmum

366 896 628 982 Prussinowsky
640 896 876 983 congreditur,
892 905 1019 963 etcum
1035 917 1077 962 eo
1088 894 1133 963 de
1148 892 1293 982 collegio
1308 893 1473 982 erigendo
1485 895 1593 962 collo-

364 1020 482 1105 quitur
498 1021 587 1108 (222,
608 1039 685 1105 223,
712 1022 801 1106 258).
827 1018 1050 1089 Laurentium
1074 1018 1229 1106 Magium
1252 1019 1494 1106 provincialem
1514 1020 1593 1086 Au-

365 1143 468 1212 striae
484 1155 577 1213 creat
593 1145 682 1234 (230,
701 1143 790 1230 231).
809 1145 934 1211 Postea
950 1144 1098 1230 Pragam
1112 1165 1149 1212 se
1165 1145 1310 1223 confert,
1329 1141 1387 1209 ubi
1404 1165 1458 1211 res
1471 1141 1593 1212 Socie-

368 1268 449 1336 tatis
466 1279 558 1336 recte
574 1269 760 1356 procedere
776 1267 835 1350 ait,
854 1278 893 1335 ut
908 1267 944 1333 in
960 1277 1032 1335 tota
1047 1265 1208 1335 Austriae
1221 1265 1394 1353 provincia
1405 1267 1495 1355 (237,
1510 1267 1596 1353 263-

370 1395 460 1482 266).
479 1395 597 1462 Rebus
613 1404 648 1460 et
663 1393 819 1481 personis
836 1392 973 1479 collegii
988 1391 1168 1480 pragensis
1186 1390 1360 1478 inspectis,
1381 1392 1595 1460 Casanovam

368 1530 403 1586 et
419 1521 613 1586 Trebonam
630 1519 832 1606 digreditur,
847 1519 958 1603 deque
974 1538 1064 1584 novo
1077 1515 1223 1604 collegio
1237 1515 1284 1582 ibi
1296 1517 1476 1585 condendo
1488 1517 1598 1584 multa

367 1645 402 1710 in
417 1644 490 1712 suis
505 1645 549 1711 ad
566 1643 728 1731 Borgiam
743 1643 895 1730 epistolis
906 1652 1042 1712 enarrat
1054 1641 1228 1730 (238-240,
1243 1642 1406 1730 266-269,
1421 1659 1485 1725 312
1503 1641 1593 1728 314).

435 1769 625 1836 Poconmn
646 1767 833 1855 provincia,
859 1789 947 1853 quae
971 1765 1204 1854 operariorum
1228 1766 1341 1853 inopia
1363 1765 1552 1846 laborabat,
1575 1789 1595 1834 a

370 1892 498 1979 Borgia
517 1903 552 1960 et
571 1891 684 1961 Natali
701 1893 844 1979 juvatur
863 1893 931 1980 (45,
954 1893 1009 1981 69,
1033 1909 1088 1976 70,
1116 1911 1190 1976 113,
1213 1907 1287 1974 127,
1316 1892 1389 1974 176,
1417 1907 1490 1974 177,
1514 1892 1591 1976 283,

373 2035 448 2105 599,
464 2017 553 2103 510).
569 2018 831 2104 Braunsbergae
847 2029 881 2087 et
897 2016 1075 2084 Pultoviae
1091 2015 1236 2104 collegia
1247 2016 1344 2083 novis
1356 2015 1529 2104 magistris
1540 2015 1594 2083 di·

372 2143 589 2230 tantur(160,
613 2143 686 2223 161,
709 2144 799 2228 237).
822 2142 970 2210 Polonos
993 2141 1104 2209 socios
1123 2140 1270 2209 invisere
1289 2151 1429 2226 exoptat
1449 2139 1589 2222 Natalis,

370 2267 433 2333 sed
443 2266 479 2332 id
491 2265 614 2350 exequi
630 2265 813 2350 impeditur
829 2267 918 2354 (199,
938 2265 1027 2352 221).
1053 2264 1243 2333 Cardinalis
1264 2263 1363 2331 Hosii
1380 2265 1504 2332 ardens
1520 2265 1598 2352 glo-

369 2390 440 2458 riae
451 2388 588 2456 divinae
604 2400 638 2457 et
654 2390 833 2476 religionis
848 2389 1050 2458 incrementi
1063 2388 1269 2456 desiderium
1285 2387 1402 2454 multis
1418 2388 1453 2456 in
1469 2388 1596 2475 episto-

370 2512 410 2579 lis
434 2515 477 2580 ab
498 2511 574 2598 ipso
593 2512 682 2580 datis
702 2512 844 2582 mirifice
864 2515 978 2582 elucet
1000 2515 1090 2601 (792,
1113 2530 1190 2601 793,
1214 2529 1292 2600 799,
1315 2513 1392 2596 803,
1416 2513 1495 2596 896,
1517 2513 1595 2595 819,

369 2639 458 2722 811).
482 2636 704 2706 Franciscum
720 2637 929 2706 Sunnerium
942 2659 1011 2704 non
1023 2637 1189 2719 revocari,
1206 2638 1267 2704 sed
1286 2637 1322 2703 in
1339 2637 1598 2732 Poloniarelin-

369 2761 428 2847 qui
446 2783 525 2828 curn
543 2761 656 2828 officio
671 2761 982 2848 vice-provincialis
1003 2784 1023 2829 a
1044 2761 1158 2831 Natali
1174 2772 1376 2848 procuratur
1396 2763 1485 2848 (214,
1504 2765 1595 2850 215).

435 2887 641 2954 Rasnnunn
658 2885 868 2973 provinciam
884 2885 1102 2973 inspecturus
1119 2885 1261 2966 Natalis
1280 2884 1375 2972 prius
1395 2907 1473 2953 cum
1490 2887 1597 2954 Cani-

368 3011 420 3076 sio
435 3020 471 3077 et
489 3009 644 3099 Jimenez
671 3032 734 3076 suo
750 3009 844 3078 socio
867 3008 1081 3097 Herbipolim
1108 3009 1203 3094 adiit,
1222 3009 1281 3077 ubi
1297 3011 1340 3078 de
1366 3011 1514 3097 collegio
1529 3011 1598 3079 eri-

370 3136 484 3220 gendo
502 3133 699 3220 negotiatus
726 3146 791 3216 est,
817 3146 851 3202 et
874 3136 1224 3222 Aschaffemburgum
1246 3134 1303 3204 die
1331 3150 1371 3219 25
1393 3136 1600 3204 Novembris

371 3258 510 3326 advenit
525 3260 616 3346 (315,
634 3259 725 3344 777).
743 3261 798 3327 De
809 3259 948 3328 civitate
963 3258 1205 3346 herbipolensi,
1219 3260 1262 3326 de
1278 3260 1353 3344 ejus
1365 3259 1537 3347 episcopo,
1556 3263 1601 3331 de

371 3382 521 3468 capitulo
537 3384 631 3449 etde
647 3393 739 3449 statu
757 3382 931 3470 religionis
946 3382 1084 3469 longius
1100 3383 1235 3452 disserit
1255 3361 1442 3472 (333-339).
1464 3388 1518 3452 De
1529 3385 1602 3471 spi-

369 3504 479 3576 rensis
495 3514 609 3572 autem
626 3505 761 3592 collegii
778 3506 922 3593 origine,
945 3506 1216 3586 difficultatibus,
1240 3517 1275 3573 et
1295 3507 1549 3575 conditionibus
1565 3508 1602 3576 in

369 3632 599 3700 instrumento
617 3630 825 3698 fundationis
840 3631 1068 3717 exprimendis
1089 3643 1157 3700 etc.
1181 3633 1341 3717 frequens
1364 3633 1492 3701 mentio
1508 3633 1548 3698 fit
1562 3632 1598 3700 in

370 3765 444 3823 toto
459 3758 525 3822 hoc
549 3755 735 3836 volumine,
753 3756 950 3841 praesertim
966 3755 1095 3824 veroin
1112 3756 1195 3822 locis
1207 3756 1263 3822 hic
1277 3756 1402 3824 notatis
1414 3759 1504 3844 (234,
1519 3773 1597 3842 235,

372 3897 534 3965 152255,
555 3882 717 3968 sot-396,
735 3894 898 3964 445-441,
914 3881 1598 3970 756759,169-7111-ῡεεοῑῑεεῐῑθῒῐᾶω

373 4004 566 4091 moguntini
579 4004 754 4071 dotatione
766 4015 801 4073 et
813 4005 1026 4090 promotione
1037 4027 1117 4072 cum
1128 4006 1385 4106 archiepiscopo
1402 4019 1437 4075 et
1452 4008 1596 4076 electore

372 4129 579 4216 moguntino
596 4129 896 4216 Aschaffemburgi
913 4130 1071 4196 tractavit
1087 4131 1177 4219 (367,
1193 4151 1269 4218 399,
1281 4131 1369 4220 391).
1384 4127 1598 4218 Moguntiam

374 4275 457 4320 vero
473 4255 652 4336 accedens,
675 4266 873 4322 consuetam
897 4256 1133 4324 lustrationem
1157 4267 1352 4338 exsecutus,
1382 4255 1565 4344 collegium
1582 4281 1604 4324 a

372 4377 534 4443 convictu
549 4378 712 4464 sejunxit,
740 4380 961 4448 domesticam
987 4381 1200 4468 disciplinam
1223 4382 1405 4469 promovit,
1431 4383 1545 4451 socios
1560 4383 1604 4450 ad

374 4502 616 4586 perfectionem
644 4514 697 4572 est
725 4507 927 4574 cohortatus
954 4507 1129 4596 (382·389,
1157 4507 1245 4596 796).
1275 4508 1619 4608 Francofordienses¹

370 4609 487 4694 a'utem
503 4628 625 4709 socios,
644 4629 724 4698 licet
740 4629 840 4717 pauci
856 4631 923 4698 illic
938 4633 1116 4719 degerent,
1131 4632 1278 4701 invisere
1290 4655 1359 4700 non
1371 4633 1497 4714 omisit,
1511 4634 1601 4700 mul-
