3322 5370
431 473 484 528 400
815 455 920 510 Errsr.
941 453 974 508 Ρ.
995 453 1198 524 Ninia-467

388 605 599 677 contentarsi
614 608 691 680 che,
708 627 811 672 senza
828 615 1014 686 contraho,
1033 605 1118 672 Iussi
1136 607 1217 673 dato
1236 605 1346 692 quest'
1362 605 1488 673 ordine
1503 603 1534 669 al
1551 615 1611 669 ret·

390 735 464 794 tore
478 724 521 791 de
538 721 648 808 Spira,
664 744 684 788 o
701 743 782 788 uero
795 723 827 786 al
841 718 1028 806 prouincial
1043 721 1099 789 del
1112 721 1243 802 Rheno,
1257 722 1301 790 de
1318 718 1456 790 tenerui
1474 717 1510 784 in
1521 717 1609 803 Spira

389 839 592 927 predicator,
611 847 645 906 et
661 839 771 903 anche
785 837 818 902 la
834 835 972 902 lettione
990 835 1194 921 theologica.
1215 837 1258 904 V.
1277 839 1318 904 R.
1338 837 1429 903 neda
1441 855 1482 902 se
1498 843 1608 917 questo

388 954 487 1042 potrai
499 955 646 1033 bastare,
657 962 691 1021 et
704 952 812 1020 chela
824 949 1037 1037 Compagnia
1050 950 1156 1017 faccia
1168 952 1281 1036 quello
1294 953 1358 1020 che
1370 952 1455 1036 pud,
1467 949 1607 1015 secondo

388 1071 422 1138 le
437 1067 672 1136 constitutioni
689 1089 761 1134 sue.
780 1066 845 1134 Del
863 1075 965 1146 reste,
983 1087 1052 1131 non
1067 1066 1213 1133 essendo
1229 1077 1357 1134 uenuta
1368 1066 1402 1131 la
1417 1063 1605 1140 donatione,

388 1187 431 1252 ne
447 1183 545 1271 eopia
559 1183 593 1250 di
609 1183 733 1267 quella,
751 1203 821 1248 non
841 1179 870 1247 si
886 1180 955 1266 pud
972 1180 1042 1247 fare
1065 1180 1172 1248 fermo
1187 1179 1345 1268 giuditio:
1368 1181 1437 1247 alla
1459 1178 1607 1266 giomata

389 1309 618 1388 aspettaremo
633 1299 753 1366 lettere
769 1296 803 1362 di
820 1295 873 1362 eid
889 1298 912 1362 ¹.

458 1434 489 1482 2.
538 1412 638 1482 Circa
655 1414 677 1478 l'
691 1413 808 1478 habito
825 1411 905 1480 delli
916 1409 1024 1477 nostri
1039 1410 1075 1478 in
1090 1409 1189 1496 Spira
1205 1410 1329 1504 etpltri
1346 1409 1471 1498 luoghi
1484 1409 1518 1476 di
1529 1409 1607 1475 Ger-

390 1528 518 1608 mania,
537 1527 645 1615 parmi
660 1527 748 1596 bene
764 1529 828 1593 che
849 1528 892 1594 V.
912 1528 953 1593 R.
974 1525 1067 1592 tratti
1089 1547 1152 1592 con
1174 1524 1198 1592 Ii
1218 1525 1430 1612 prouintiali:
1451 1535 1487 1592 et
1506 1523 1609 1609 quello

390 1647 454 1710 che
469 1646 589 1730 pareri
604 1643 675 1709 loro
691 1651 726 1708 et
742 1665 761 1708 a
778 1643 820 1709 V.
840 1643 881 1709 R.
901 1640 1036 1708 intorno
1049 1663 1069 1707 a
1084 1651 1217 1726 quest0,
1236 1641 1281 1707 mi
1302 1640 1331 1707 si
1346 1641 1474 1722 serina,
1494 1639 1606 1726 perche

390 1779 458 1844 qua
474 1779 543 1824 non
559 1778 679 1823 manea
695 1758 865 1841 qualcuno
885 1755 920 1822 di
935 1756 1039 1844 quelli
1060 1758 1125 1823 che
1145 1777 1228 1823 sano
1248 1759 1357 1824 anche
1376 1755 1400 1821 Ii
1419 1752 1555 1822 humori
1576 1751 1605 1816 di

389 1871 586 1954 Germania,
605 1874 669 1939 che
685 1883 783 1938 troua
798 1869 962 1939 difficultai
978 1869 1014 1938 in
1030 1881 1151 1956 questa
1167 1871 1308 1939 materia
1319 1873 1345 1937 ¹.

458 2007 488 2073 3.
537 1987 657 2057 Scriue
673 1989 716 2054 V.
736 1989 777 2054 R.
796 1989 872 2067 che,
886 2008 956 2052 non
972 1985 1002 2054 si
1017 1985 1191 2074 pigliando
1206 2008 1333 2054 nessun
1345 1984 1493 2072 collegio
1504 1983 1558 2070 piri
1572 1981 1600 2045 in

387 2101 575 2172 Germania
589 2124 650 2188 per
666 2124 713 2167 un
729 2113 855 2186 tempo,
873 2114 908 2170 et
925 2123 994 2168 non
1009 2101 1038 2168 si
1053 2104 1197 2168 iacendo
1213 2101 1382 2182 missioni,
1398 2112 1433 2170 et
1448 2097 1599 2168 aiutando

387 2220 431 2285 da
447 2219 555 2285 Roma
571 2238 637 2284 con
654 2216 845 2304 philosophi
867 2227 901 2285 et
926 2217 1099 2303 theologi,
1117 2239 1189 2283 non
1214 2239 1443 2285 mancaranno
1467 2210 1598 2300 operarii

388 2355 448 2420 per
463 2332 487 2398 li
503 2331 650 2419 collegij,
668 2331 747 2398 delli
769 2330 860 2416 quali
879 2333 924 2396 ha
945 2330 1062 2398 scritto
1078 2333 1121 2399 V.
1141 2333 1182 2398 R.
1201 2333 1251 2400 La
1273 2331 1382 2419 prima
1404 2327 1596 2400 conditione,

387 2459 423 2514 et
438 2451 548 2516 anche
571 2448 603 2513 la
630 2445 712 2526 25¹²,
730 2467 801 2512 non
823 2446 948 2532 paiono
972 2457 1091 2533 troppo
1113 2421 1244 2514 difficili
1259 2447 1292 2513 di
1314 2447 1474 2534 guardar,
1492 2439 1595 2530 poichi

388 2585 458 2629 non
475 2563 502 2628 si
519 2562 613 2648 paria
625 2561 683 2648 pii1
695 2561 782 2627 delle
793 2559 945 2628 missioni
956 2562 1000 2630 de
1012 2572 1107 2647 parte
1119 2562 1173 2629 del
1190 2585 1286 2649 papa.
1302 2564 1352 2629 La
1365 2560 1430 2647 3.⁵,
1448 2561 1502 2630 del
1513 2577 1596 2625 man-

387 2677 449 2744 dar
466 2674 655 2763 philosophi
672 2685 705 2744 et
722 2676 886 2763 theologi,
904 2677 1052 2743 secondo
1068 2679 1131 2744 che
1147 2678 1235 2744 uedo
1249 2677 1282 2746 le
1297 2700 1378 2747 cose
1394 2677 1428 2744 di
1444 2697 1520 2763 qua,
1537 2691 1593 2737 non

378 2792 405 2860 ’ὲ
422 2802 542 2878 troppo
559 2789 657 2858 facile
673 2812 732 2876 per
753 2791 883 2857 adesso.
903 2791 1065 2859 Tuttauia
1081 2791 1111 2858 si
1130 2793 1253 2860 manda
1268 2816 1316 2859 un
1331 2793 1529 2879 philosopho
1542 2805 1593 2872 per

385 2906 538 2993 Dilinga,
556 2915 590 2972 et
606 2904 635 2971 si
652 2905 777 2974 uederir
794 2927 831 2972 se
847 2927 946 2974 uerso
962 2906 985 2971 il
1007 2907 1074 2974 line
1095 2907 1183 2975 della
1203 2918 1291 2976 state
1310 2907 1338 2974 si
1355 2908 1452 2994 potrai
1467 2903 1591 2973 mandat

388 3044 437 3089 un
454 3022 552 3090 altro.

455 3155 489 3219 4.
537 3136 603 3202 Del
615 3156 759 3202 reuocat
771 3135 874 3220 quelli
886 3136 1028 3222 operarij
1042 3137 1131 3206 della
1141 3139 1169 3204 F
1170 3136 1262 3220 risia,
1277 3137 1305 3206 si
1316 3136 1451 3206 rimette
1462 3137 1528 3204 aV.
1544 3133 1588 3206 Ro

386 3255 452 3320 che
467 3272 536 3318 non
552 3272 632 3336 pare
648 3250 773 3317 habbia
785 3251 817 3318 la
833 3271 912 3318 cosa
923 3251 1101 3320 difficulti.
1116 3254 1290 3338 Alquanto
1305 3253 1461 3340 maggior
1475 3252 1503 3320 si
1518 3247 1589 3316 uede

388 3366 423 3432 in
440 3366 553 3453 quello
569 3365 603 3432 di
619 3367 829 3432 Fransordia.
849 3369 920 3433 Pur
935 3368 979 3436 V.
999 3369 1040 3436 R.
1059 3369 1182 3436 uederi
1199 3368 1222 3435 il
1237 3371 1343 3436 Imtto
1357 3371 1421 3436 che
1435 3368 1463 3434 si
1478 3369 1511 3433 fa
1525 3357 1589 3432 etsi

386 3503 497 3569 spera,
515 3493 551 3548 et
566 3482 620 3548 all'
635 3484 719 3547 hora
735 3481 805 3548 fari
818 3483 896 3567 quel
909 3482 1007 3550 cheli
1024 3484 1142 3570 pareri
1155 3487 1193 3550 in
1205 3486 1364 3550 Domino.
1379 3486 1431 3551 Fu
1442 3485 1508 3552 ben
1520 3481 1589 3546 fatto

387 3597 529 3664 mandar
545 3597 624 3682 quel
638 3596 725 3662 libro
739 3598 795 3662 del
811 3597 983 3664 Kemnitio
1004 3599 1035 3665 al
1055 3599 1205 3667 cardinal
1225 3599 1365 3668 infante.
1386 3601 1412 3665 11
1427 3611 1587 3685 precursor

386 3711 430 3780 de
445 3712 478 3778 la
493 3711 636 3798 risposta
652 3713 707 3778 del
723 3713 843 3798 Payua
858 3734 895 3780 se
911 3714 929 3780 ὲ
945 3713 1111 3797 riceuut0,
1126 3727 1161 3784 et
1175 3715 1199 3782 il
1211 3717 1324 3782 dottor
1335 3717 1458 3782 Torres
1469 3716 1493 3794 ³,
1507 3727 1587 3780 come

386 3827 531 3907 secular,
547 3848 614 3893 non
628 3827 723 3913 potri
737 3827 794 3914 gii
807 3826 867 3893 far’
880 3827 915 3894 in
927 3849 990 3896 suo
1002 3851 1102 3898 nome
1117 3841 1239 3916 questo
1251 3831 1383 3910 libreto,
1397 3831 1534 3898 essendo
1544 3825 1585 3890 in-

386 3952 475 4008 trato
491 3942 580 4011 nella
595 3941 817 4030 Compagnia.
837 3944 863 4009 Il
883 3945 984 4010 modo
1000 3947 1043 4012 de
1059 3944 1208 4014 seriuere
1228 3947 1260 4012 al
1280 3945 1433 4032 superior
1447 3945 1523 4012 delli
1536 3961 1585 4007 no

384 4055 445 4123 stri
461 4055 497 4122 in
513 4056 613 4143 Spira
628 4060 655 4125 s’
670 4057 688 4125 ὲ
704 4058 825 4126 inteso:
840 4080 912 4125 non
924 4081 963 4126 so
975 4069 1104 4144 quanto
1117 4060 1167 4128 sia
1182 4060 1356 4147 spedien‘te
1373 4081 1450 4128 usar
1466 4060 1510 4126 tal
1520 4052 1585 4122 disi-

384 4171 583 4254 mulatione,
598 4173 755 4242 massime
767 4175 910 4241 essendo
927 4175 1126 4243 conosciuto
1142 4197 1238 4245 come
1254 4197 1323 4243 uno
1338 4177 1381 4244 de
1397 4173 1511 4243 nostri.
1530 4173 1586 4240 Pur

383 4286 419 4353 di
434 4285 467 4353 ld
484 4307 568 4353 sono
584 4288 643 4374 piri
658 4287 773 4370 uicini,
793 4299 827 4356 et
843 4300 1009 4376 potranno
1025 4293 1130 4360 ueder
1145 4291 1249 4360 molte
1265 4313 1355 4371 cose,
1375 4293 1440 4360 che
1454 4311 1518 4377 qua
1532 4303 1584 4355 non

435 4471 445 4503 ¹
484 4471 560 4527 Vide
573 4471 662 4544 epist.
681 4473 744 4544 456,
760 4491 792 4528 n.
810 4473 837 4541 83
852 4487 915 4544 459,
930 4492 963 4530 n.
985 4487 1009 4542 13
1023 4486 1054 4530 et
1066 4474 1194 4546 append.
1214 4476 1266 4542 VI,
1279 4475 1347 4548 v11,
1360 4475 1427 4547 XX,
1441 4484 1499 4532 etc.

438 4563 450 4595 ²
488 4559 564 4617 Vide
577 4561 667 4632 epist.
685 4575 748 4631 459,
762 4580 795 4617 n.
813 4575 839 4631 2;
851 4573 881 4618 et
894 4563 1022 4636 append.
1039 4564 1135 4619 XLIII
1149 4575 1179 4620 et
1191 4564 1285 4620 XLV.

435 4649 447 4682 ³
484 4649 507 4704 F
508 4648 658 4706 ranciscus
670 4649 707 4705 de
721 4651 838 4721 Torres,
851 4651 923 4708 alias
937 4652 1095 4708 Turrianus
1108 4651 1216 4710 dictus.
