3482 5386
439 515 493 573 754
874 503 977 559 Ee1sc.
997 503 1031 558 P.
1052 503 1165 558 Ninia

404 654 518 722 mandi
537 654 594 740 piii
611 655 791 723 uolentieri
808 675 908 724 econ
925 653 1084 740 maggior
1099 654 1259 722 baldezza
1274 655 1329 720 ch’
1346 653 1390 721 ad
1406 653 1505 718 alcun
1523 652 1608 732 altro,

403 765 462 829 per
478 745 511 810 le
527 764 631 810 cause
647 742 867 829 dell’antiquo
881 742 1052 810 desiderio
1068 741 1122 809 ch'
1140 743 1211 809 odi
1227 743 1379 822 seruirla,
1393 763 1413 806 e
1430 740 1546 826 perche
1558 761 1609 804 ca

403 853 508 900 nosco
529 831 552 898 il
573 833 704 920 grande
723 855 787 899 suo
808 833 937 915 ualore,
959 842 994 898 et
1015 853 1129 898 amore
1149 833 1206 898 ch'
1227 829 1302 898 ella'
1317 830 1364 895 mi
1387 832 1433 895 ha
1456 827 1511 916 g'ii
1536 828 1607 894 tanti

402 920 481 988 anni
497 931 643 1008 portato.
662 924 706 988 D.
726 923 770 988 V.
789 923 826 990 S.
845 922 951 988 Illma.
969 921 1066 987 Rma.
1085 919 1265 987 humilimo
1280 919 1460 1000 seruitore,

1093 1029 1129 1076 11.
1152 1031 1257 1076 caen.
1283 1010 1444 1075 Amulio.

470 1099 655 1183 Inscriptio
686 1099 724 1163 in
751 1103 875 1184 quarta
898 1099 1047 1185 pagina:
1077 1099 1124 1164 Α]
1155 1099 1261 1163 illine.
1291 1108 1326 1162 ct
1353 1099 1451 1163 Rmo.
1474 1095 1525 1162 Sr.
1548 1092 1608 1157 mio

404 1197 531 1266 oss.¹¹¹⁰,
541 1186 564 1252 il
576 1188 630 1255 Sr.
646 1186 795 1252 cardinal
804 1186 1072 1266 Commendone,
1094 1187 1209 1272 legato
1220 1187 1285 1254 alla
1296 1185 1387 1251 dieta
1398 1184 1432 1250 in
1448 1185 1604 1268 Augusta.

403 1276 485 1340 Alia
497 1297 615 1340 manu:
636 1275 730 1358 1566.
750 1277 870 1342 Roma.
890 1293 909 1341 2
931 1273 1110 1342 Febbraio.
1134 1275 1199 1343 Dal
1221 1274 1369 1341 cardinal
1390 1271 1538 1339 Amulio.
1559 1269 1606 1336 Si·

397 1365 481 1450 gilli
497 1365 692 1450 vestigium.

999 1579 1029 1643 11

757 1717 788 1774 S.
809 1717 1057 1774 FRANCISCUS
1077 1717 1130 1774 De
1149 1716 1275 1788 BORJA

644 1862 797 1924 JOANN1
829 1863 1063 1910 Fallimsco
1092 1863 1381 1912 commannoiio

743 1985 887 2064 Romae,
913 2003 932 2066 7
954 1983 1130 2050 Februarii
1153 1985 1237 2068 1566
1260 1986 1281 2051 ¹.

803 2125 934 2180 Litterae
947 2125 1217 2182 commendatitiae.

468 2251 574 2316 Illma.
594 2260 629 2318 et
645 2251 743 2315 Rmo.
762 2251 874 2317 Mons.
893 2248 926 2314 in
948 2250 1037 2334 Xpo.
1061 2259 1175 2316 oss.¹¹²⁰
1191 2250 1396 2318 Hauendoci
1418 2249 1602 2317 comandato

404 2341 475 2406 Sua
491 2341 562 2407 Sta.
582 2337 810 2406 mandassimo
830 2337 944 2404 alcuni
963 2358 1024 2423 per
1044 2336 1172 2404 seruire
1195 2339 1226 2405 al
1250 2341 1328 2416 ben'
1341 2360 1513 2406 commune
1534 2347 1600 2404 eta

401 2430 445 2495 V.
464 2429 500 2496 S.
520 2429 626 2494 Illma.
646 2428 735 2493 nella
749 2426 841 2493 dieta
857 2427 900 2494 de
917 2427 1089 2512 Augusta,
1107 2427 1137 2492 si
1153 2427 1170 2492 ὲ
1187 2427 1273 2494 fatla
1288 2429 1446 2496 elettione
1457 2425 1531 2495 delli
1542 2427 1599 2490 Pa·

400 2515 452 2581 dri
469 2519 546 2583 D.or
566 2517 666 2582 Natal
683 2525 718 2582 et
733 2517 810 2582 D.⁰r
829 2515 996 2582 Ledesma
1012 2536 1077 2580 con
1093 2515 1240 2599 qualche
1259 2537 1459 2603 compagno,
1476 2518 1535 2582 che
1552 2533 1598 2576 se-

399 2606 510 2670 condo
526 2617 641 2672 nostre
656 2605 777 2672 debole
795 2602 888 2670 sorze
903 2625 961 2670 era
976 2604 1032 2670 del
1052 2603 1178 2690 meglio
1198 2607 1263 2672 che
1283 2616 1462 2691 poteuamo
1481 2605 1547 2682 deq
1569 2609 1598 2666 el

400 2714 525 2760 ancora
545 2695 609 2758 che
629 2693 661 2758 ci
683 2692 732 2758 sia
754 2693 859 2757 molto
882 2713 963 2758 earo
984 2713 1117 2777 sempre
1138 2692 1162 2758 il
1188 2692 1296 2759 seruit
1323 2695 1387 2761 alla
1411 2705 1504 2761 santa
1528 2689 1597 2756 sede

399 2781 595 2867 apostolica,
614 2791 648 2848 et
665 2781 720 2846 alli
736 2780 913 2865 principali
931 2779 1074 2848 ministri
1090 2779 1124 2846 di
1136 2803 1223 2859 essa,
1237 2783 1473 2867 specialmente
1483 2780 1514 2847 ci
1525 2797 1596 2845 con·

399 2871 527 2936 solamo
542 2873 606 2936 che
634 2868 658 2934 li
673 2869 759 2936 detti
774 2869 803 2936 si
819 2868 991 2934 habbiano
1007 2870 1050 2934 ad
1066 2870 1248 2956 adoperare
1264 2869 1300 2937 in
1311 2872 1448 2940 seruitio
1460 2872 1502 2938 de
1514 2869 1550 2936 V.
1562 2865 1592 2932 S.

400 2961 504 3024 Illma.
524 2980 583 3043 per
598 2958 623 3022 l'
645 2957 771 3043 special
791 2957 977 3025 deuotione
996 2967 1029 3025 et
1050 2958 1242 3026 reuerentia
1261 2963 1325 3027 che
1346 2959 1521 3028 habbiamo
1540 2953 1594 3020 alla

399 3068 545 3133 persona
561 3067 635 3126 sua;
653 3056 687 3112 et
703 3047 827 3132 perche
843 3045 866 3112 li
882 3045 1032 3113 mandati
1045 3056 1131 3112 sono
1143 3048 1263 3114 lettere
1275 3049 1367 3128 uiue,
1382 3071 1448 3115 non
1460 3046 1503 3113 mi
1513 3054 1595 3112 sten-

399 3137 482 3205 deri)
498 3135 532 3200 in
549 3135 635 3201 altro
651 3157 711 3219 per
727 3147 858 3220 questa,
877 3135 1159 3220 persuadendomi
1176 3138 1241 3204 che
1257 3139 1300 3204 V.
1319 3139 1356 3206 S.
1373 3140 1472 3203 lllma.
1485 3135 1531 3222 gli
1541 3135 1593 3198 ha-

400 3228 482 3293 uera
499 3245 558 3310 per
573 3223 823 3290 raccomendati
841 3223 915 3289 anzi
932 3245 992 3308 per
1008 3244 1086 3289 cosa
1104 3245 1177 3300 sua,
1197 3246 1293 3294 come
1306 3226 1385 3292 tutti
1397 3227 1507 3292 siamo.
1523 3225 1593 3290 Pre·

401 3316 471 3399 gho
486 3315 554 3379 ben
569 3314 602 3378 la
617 3311 735 3378 diuina
750 3323 785 3378 et
801 3333 934 3378 summa
949 3313 1067 3393 bonti,
1091 3314 1155 3380 che
1171 3313 1218 3380 ha
1234 3315 1317 3381 latta
1332 3317 1446 3400 grazia
1466 3335 1484 3380 a
1502 3313 1540 3379 V.
1561 3309 1591 3375 S.

399 3404 506 3468 Illma.
525 3403 568 3467 de
584 3401 705 3487 poterii
721 3399 850 3467 seruire
867 3422 931 3466 con
949 3410 1042 3466 tante
1060 3400 1183 3468 fatiche
1203 3402 1239 3469 in
1262 3403 1355 3469 aiuto
1377 3405 1411 3470 di
1434 3425 1491 3470 sua
1510 3408 1593 3494 santa

398 3489 524 3568 chiesa,
542 3489 571 3555 si
587 3488 691 3575 degni
708 3500 885 3556 aumentar
901 3489 936 3554 in
952 3489 997 3556 lei
1012 3490 1045 3555 la
1066 3490 1242 3576 sapientia,
1267 3503 1302 3558 et
1325 3493 1453 3577 spirito,
1474 3501 1505 3557 et
1523 3505 1592 3573 ogni

397 3578 512 3665 grazia
527 3600 602 3660 sua,
620 3578 715 3645 accii)
736 3577 832 3644 siano
855 3577 920 3644 alla
940 3576 1095 3660 giornata
1118 3579 1174 3664 pii
1199 3580 1359 3646 sruttuosi
1381 3581 1404 3647 li
1427 3577 1519 3646 officii
1538 3578 1592 3641 che

397 3669 467 3734 sara
486 3688 544 3752 per
559 3667 581 3731 l’
600 3666 693 3733 aiuto
709 3667 752 3734 de
768 3667 872 3734 molte
888 3665 999 3733 anime
1015 3677 1050 3732 et
1066 3668 1174 3752 gloria
1190 3690 1263 3735 sua.
1283 3671 1334 3736 De
1352 3672 1468 3750 Roma,
1488 3666 1509 3733 li
1528 3683 1544 3748 7
1562 3659 1590 3727 di

396 3759 423 3822 F
425 3758 545 3824 ebrato
566 3756 660 3839 1566.

396 3887 609 3900 *a*

447 3951 454 3985 ¹
493 3953 537 4005 Ex
549 3951 692 4022 Regesto,
707 3948 781 4005 Cod.
799 3965 832 4019 33
840 3949 885 4022 f),
901 3949 931 4006 ff.
945 3951 991 4018 65,
1009 3949 1054 4005 66.
1073 3950 1107 4006 In
1125 3951 1266 4024 margine:
1286 3954 1437 4028 Augusta.
1458 3945 1593 4008 Cardenat

395 4040 577 4096 Comendon.
591 4038 667 4095 Vide
681 4055 747 4111 pag.
763 4051 790 4111 2,
804 4047 834 4094 et
848 4055 929 4112 seqq.
