3384 5382
815 459 921 516 Eorsr.
940 457 974 513 P.
994 458 1200 530 Napai-526

720 735 761 804 P.
781 735 1095 804 HIERONYMUS
1115 725 1281 803 NADAL

638 831 820 909 3113310
844 847 1108 908 3331131333
1133 849 1191 905 nr.
1216 847 1362 920 noujn

793 959 938 1019 3331333,
954 961 989 1003 22
999 959 1081 1014 Joun
1096 945 1164 1018 1568
1178 947 1202 1002 ¹.

381 1080 408 1122 1.
418 1065 552 1121 Louanio
564 1065 716 1120 Lutetiam
726 1063 923 1120 Parisiorum
931 1080 1000 1119 aum
1010 1063 1112 1136 legato
1123 1060 1247 1118 Gallias
1255 1061 1415 1118 uouit-2.
1427 1061 1471 1118 Ob
1476 1061 1608 1136 publiano

422 1154 669 1228 perturbationes
687 1153 775 1209 iilius
793 1153 894 1226 regni,
907 1151 1031 1208 comitia
1040 1151 1274 1224 provinciarum
1286 1151 1454 1207 omittenda
1471 1155 1608 1207 3311331.-

420 1259 447 1316 3.
461 1245 618 1317 Augurius
631 1243 765 1302 Parisiis
777 1239 966 1318 retinendus,
977 1244 1006 1297 ut
1018 1241 1052 1296 iu
1065 1237 1162 1312 officio
1176 1239 1378 1311 pronunciatis
1393 1241 1608 1295 conservantia

418 1333 551 1397 vitietur,
565 1332 600 1386 ob
609 1331 674 1402 ejus
686 1331 719 1386 iu
730 1330 840 1386 bouum
851 1330 1009 1385 8331313113
1017 1331 1046 1384 et
1055 1329 1102 1385 rei
1108 1328 1418 1402 publicupraeclora
1424 1333 1607 1402 goswspm

417 1423 556 1494 aliquam
564 1420 652 1494 fovet
664 1420 937 1494 congregationum
949 1420 1169 1492 cogendarum,
1179 1421 1213 1472 ut
1222 1421 1437 1490 procuratores
1444 1417 1604 1492 eligantur.

455 1557 484 1606 1.
527 1540 627 1626 Jhus
646 1537 754 1604 Molto
782 1535 870 1602 Rd0.
901 1537 941 1602 P.
972 1535 1016 1602 N.
1036 1533 1072 1601 in
1099 1531 1251 1602 Christo.
1283 1537 1356 1600 Pax
1383 1533 1523 1614 Christi,
1538 1545 1602 1600 etc.

383 1649 1084 1736 Ρ3113333311133331331117311333313,
1107 1649 1205 1718 serisi
1226 1650 1292 1716 alla
1315 1653 1356 1716 P.
1380 1651 1423 1717 V.
1442 1651 1467 1716 11
1486 1649 1603 1736 giorno

380 1779 550 1858 seguente
565 1766 654 1854 parti
671 1766 705 1835 di
722 1765 895 1833 Brussella
911 1768 964 1832 co’
982 1765 1004 1831 1'
1020 1765 1267 1834 ambasciatore
1281 1765 1317 1831 di
1331 1776 1453 1850 questo
1466 1785 1501 1832 re
1511 1762 1599 1831 chri-

379 1884 600 1965 stianissim0‚
618 1885 650 1950 al
665 1883 767 1968 quale
781 1882 954 1951 sucedeua
968 1881 1005 1947 in
1017 1881 1131 1967 quella
1146 1890 1241 1948 corte
1255 1880 1289 1947 di
1306 1881 1451 1948 Fiandra
1472 1883 1526 1947 vn'
1550 1880 1597 1946 31-

379 2012 444 2068 113.
464 1998 677 2067 Arriuasirno
693 2019 761 2083 qua
776 1996 833 2063 alli
853 2011 891 2080 15
908 2017 974 2064 con
986 1995 1097 2064 3331111
1108 2017 1169 2082 per
1180 1995 1290 2084 gratia
1302 1995 1358 2064 del
1374 1995 1528 2082 Signore.
1543 1995 1595 2060 Ho

379 2114 621 2182 incominciato
636 2122 671 2180 et
686 2111 823 2199 seguito
849 2111 883 2177 in
912 2121 1034 2196 questo
1060 2111 1206 2198 collegio
1233 2133 1253 2178 a
1280 2112 1352 2179 fare
1366 2112 1399 2177 la
1424 2110 1531 2178 visita.
1549 2111 1594 2175 Le

379 2251 460 2300 cose
476 2229 511 2298 di
527 2227 671 2296 Francia
683 2238 781 2295 steno
796 2225 831 2292 di
846 2226 960 2306 modo,
975 2227 1126 2294 secondo
1138 2227 1208 2324 ,3113
1220 2226 1266 2291 131
1278 2226 1403 2293 (113333
1414 2224 1520 2312 questi
1533 2227 1594 2290 Pa·

379 2345 444 2428 dri,
462 2349 527 2414 che
542 2367 612 2412 non
628 2343 773 2411 3313313
789 2341 905 2408 andar'
921 2339 1070 2422 intorno,
1089 2339 1190 2407 insin'
1206 2343 1271 2408 che
1286 2341 1316 2407 si
1332 2341 1418 2429 pigli
1429 2363 1496 2407 333
1506 2339 1591 2426 qual·

272 2547 273 2550 ¹
379 2463 444 2530 che
459 2462 575 2528 buona
589 2458 800 2526 risolutione.
816 2458 842 2522 11
857 2456 1044 2546 1333341313
1056 2455 1103 2522 131
1114 2454 1187 2524 dise
1200 2478 1260 2543 per
1271 2457 1303 2522 13
1315 2455 1402 2523 vial'
1417 2454 1591 2523 ambascia-

378 2587 463 2644 tore.
482 2575 528 2644 Di
543 2576 644 2642 modo
660 2573 774 2641 311313
790 2593 896 2658 penso
912 2579 1082 2657 aspettare
1095 2571 1153 2656 qui
1169 2573 1201 2637 13
1222 2571 1367 2658 risposta
1385 2573 1473 2638 della
1494 2573 1526 2638 P.
1543 2571 1584 2636 V.

379 2713 399 2758 a
415 2702 537 2776 questa
552 2691 685 2771 lettera,
703 2709 724 2754 o
744 2710 764 2753 a
785 2687 898 2772 quella
918 2683 975 2752 ch'
1000 2687 1235 2756 ultimamente
1253 2686 1351 2754 scrisi
1371 2691 1416 2755 da
1436 2685 1585 2764 Louania

377 2826 438 2892 per
458 2806 636 2873 intendere
655 2825 693 2871 se
708 2806 754 2869 ho
774 2803 818 2869 (13
838 2812 1007 2888 aspettare
1027 2823 1088 2888 per
1109 2804 1224 2870 andar'
1243 2805 1308 2870 3113
1326 2803 1428 2871 visita
1446 2804 1586 2888 iltempo

311 2987 314 2995 ,
376 2921 435 3006 piu
456 2919 731 3006 3313133313113
751 2918 893 2985 intendo
913 2919 986 2984 che¹
1007 2939 1077 2985 non
1097 2921 1143 2985 ho
1163 2920 1207 2985 da
1226 2917 1380 2988 lasciarla
1400 2930 1435 2988 31
1449 2913 1585 2987 andar'a

377 3039 496 3103 Roma.
516 3035 562 3104 Se
576 3033 714 3138 visitato
730 3044 852 3120 questo
872 3033 1030 3121 collegio,
1050 3053 1117 3100 333
1137 3036 1284 3119 qualche
1299 3034 1446 3103 33331113
1466 3035 1495 3102 si
1512 3053 1585 3120 pno-

378 3151 429 3218 1111
446 3153 563 3218 andar'
581 3149 617 3214 in
644 3150 821 3228 verduno,
845 3149 877 3215 31
898 3149 1027 3216 andare
1053 3167 1119 3216 con
1135 3150 1169 3217 13
1191 3150 1308 3217 diuina
1331 3151 1454 3238 gratia;
1471 3150 1499 3217 si
1513 3169 1583 3224 non,

374 3271 546 3353 aspettaro
563 3286 631 3351 qua
646 3265 759 3352 quello
775 3268 839 3332 che
855 3267 887 3332 13
905 3267 945 3331 P.
964 3267 1004 3333 V.
1023 3264 1070 3330 mi
1087 3264 1256 3346 ordineri,
1274 3287 1373 3333 33313
1388 3269 1433 3333 113
1447 3267 1545 3335 detto.

440 3401 473 3449 2.
523 3383 590 3448 Per
604 3383 638 3448 la
654 3379 839 3449 medesima
855 3399 958 3447 causa
973 3379 1004 3446 31
1020 3381 1152 3466 eparso
1167 3401 1187 3447 a
1204 3381 1297 3462 tutti,
1311 3383 1377 3450 che
1389 3403 1458 3448 333
1471 3379 1498 3448 si
1512 3380 1584 3448 deb·

375 3499 466 3564 bono
483 3497 553 3564 fare
569 3495 829 3582 congregationi
846 3495 882 3562 in
902 3505 1023 3580 queste
1043 3497 1111 3563 due
1132 3495 1309 3581 prouincie
1329 3517 1390 3582 per
1410 3495 1529 3584 eleger’
1542 3493 1582 3580 gli

373 3613 431 3679 doi
451 3609 663 3698 procuratori
673 3593 747 3676 ’3113
767 3611 883 3678 hanno
903 3633 923 3677 3
943 3611 1070 3679 andare
1093 3632 1114 3677 a
1141 3614 1256 3678 Roma.
1283 3593 1312 3679 11
1335 3613 1401 3680 ben
1431 3633 1508 3678 vero
1526 3611 1581 3676 che

371 3727 554 3794 habbiamo
575 3725 694 3793 scritto
721 3747 741 3790 a
762 3727 848 3791 Mro.
871 3725 1011 3792 Andrea
1034 3727 1232 3794 Auantiano
1255 3727 1281 3810 ¹,
1304 3731 1331 3794 s'
1354 3727 1378 3794 il
1397 3721 1580 3794 vescouodi

371 3843 560 3911 Verduno³
579 3840 698 3908 hauesi
716 3839 853 3908 avenir’
869 3861 948 3926 qua,
967 3862 1064 3909 33133
1080 3841 1109 3907 si
1121 3839 1239 3928 pensa,'
1254 3843 1383 3930 venghi
1398 3865 1461 3910 con
1476 3841 1519 3908 lui
1530 3859 1581 3926 per

373 3958 583 4038 consultare3
607 3955 790 4023 altrimenti
811 3957 875 4022 che
897 3978 966 4023 non
983 3956 1126 4043 venghi.
1150 3959 1228 4024 Non
1249 3959 1269 4024 ὲ
1289 3963 1404 4023 tamm
1418 3967 1507 4026 33113
1526 3957 1580 4021 3113

378 4071 506 4158 venghi
522 4071 546 4136 11
559 4047 720 4138 vescona.

424 4223 432 4254 ¹
471 4223 515 4276 Ex
526 4223 696 4292 archetypo,
710 4237 726 4276 3
737 4221 871 4292 Jimenez
881 4231 1013 4294 exarato,
1024 4231 1054 4278 et
1065 4223 1178 4280 Natalis
1189 4216 1581 4299 3133333333113133133313,

370 4311 401 4366 13
414 4311 512 4381 Epist.
527 4311 634 4380 Natat,
647 4310 687 4378 11,
701 4309 810 4382 duplici
824 4309 885 4379 131,
904 4323 956 4382 205
975 4310 1051 4382 (336,
1070 4314 1126 4384 20).
1146 4312 1258 4371 11111313
1275 4315 1366 4370 verba
1389 4316 1498 4382 Patra,
1514 4328 1581 4368 orre-

369 4416 469 4454 mos...
483 4406 541 4454 etc.
556 4405 625 4454 sunt
639 4397 753 4453 Natalis
767 4417 854 4460 31333
868 4408 996 4455 31131313.

419 4493 430 4568 ξ
468 4489 577 4543 Rector
595 4487 714 4558 collegii
733 4487 930 4561 virdunensis,
952 4498 984 4545 ut
1002 4490 1065 4561 ipse
1079 4490 1109 4546 in
1123 4491 1259 4548 examine
1271 4493 1401 4565 scripsit,
1420 4493 1510 4567 Epist.
1530 4491 1580 4548 aa·

306 4651 310 4662 .
364 4577 434 4644 tal„
448 4578 487 4642 11,
502 4575 564 4646 535,
580 4576 643 4646 536.

421 4667 433 4698 ³
471 4665 609 4721 Nicotaus
623 4666 795 4722 Psalmaeus
808 4665 967 4736 (Psaume).
983 4667 1058 4723 Vide
1072 4669 1160 4740 epist.
1175 4671 1239 4742 482,
1251 4687 1281 4726 n.
1295 4686 1323 4742 43
1338 4681 1369 4728 et
1381 4688 1443 4744 494,
1458 4689 1485 4728 3.
1498 4687 1523 4740 4.
