3404 5380
393 483 446 541 244
778 465 882 520 Errsr.
903 461 937 518 Ρ.
957 461 1161 534 urnii-4³3

356 624 379 690 1‘
395 621 519 689 andata
534 617 570 686 in
591 617 733 686 Polonia
753 616 789 683 in
808 628 929 703 questa
950 617 1085 686 lettera.
1116 617 1170 685 De
1192 617 1409 702 wotffcango
1435 615 1612 682 bohemo

358 742 493 805 haueuo
508 735 542 802 io
557 733 614 822 gii
629 734 725 801 detto
741 734 784 798 al'
802 731 1022 799 arciuescouo
1040 734 1063 812 ¹,
1080 741 1116 798 et
1131 732 1164 800 al
1178 731 1377 818 preposito*
1394 729 1438 798 de
1454 733 1605 814 Praga,

359 857 422 920 che
438 851 605 918 uerrebbe
618 849 756 917 adesso:
774 847 925 914 scriuero
939 849 1004 915 che
1018 848 1048 912 s'
1065 848 1085 914 e
1101 847 1302 934 prolongata
1322 867 1383 932 per
1402 843 1541 932 meglio
1567 843 1608 911 la

359 991 421 1036 sua
437 968 573 1046 andata,
591 975 626 1034 et
642 970 756 1030 umen
772 965 815 1030 V.
837 965 876 1030 P.
894 963 923 1030 si
939 961 1062 1029 ricordi
1078 962 1112 1028 di
1130 962 1192 1028 far'
1209 961 1348 1028 scriuer'
1367 982 1404 1029 se
1415 960 1497 1026 luie
1518 959 1603 1026 sal-

360 1085 416 1162 d0‚
434 1084 560 1169 perche
575 1055 619 1147 ha
634 1081 739 1166 padre
755 1077 848 1160 viuo,
864 1089 900 1145 et
915 1077 1038 1145 dicono
1054 1081 1119 1144 che
1134 1077 1216 1157 ricc,
1235 1087 1269 1144 et
1284 1075 1332 1143 lui
1349 1077 1452 1143 credo
1472 1077 1599 1144 esser'

361 1195 887 1283 vnieofig1i010,bencheMtr0.
912 1193 1063 1262 Henrico
1086 1195 1097 1227 ⁵
1125 1193 1279 1260 desidera
1301 1192 1333 1258 la
1356 1213 1419 1260 sua
1442 1203 1601 1270 venum,

360 1335 420 1401 per
435 1311 581 1399 agiutar'
598 1313 632 1378 la
648 1309 776 1377 fabrica
790 1311 846 1378 del
862 1309 1008 1398 collegio
1023 1332 1087 1377 con
1103 1311 1136 1378 la
1156 1309 1320 1379 lemosina
1340 1308 1397 1376 del
1423 1309 1535 1394 padre
1563 1307 1605 1372 di

361 1429 592 1513 Wolffcango
623 1425 667 1493 Di
695 1435 816 1510 queste
841 1427 911 1494 due
937 1425 1112 1511 prouineie
1138 1447 1206 1492 non
1234 1424 1262 1491 si
1290 1423 1498 1490 mandarano
1531 1445 1606 1508 per

361 1546 472 1629 quest'
490 1561 580 1609 anno
596 1538 631 1605 in
648 1542 755 1607 Roma
771 1561 896 1608 senon
912 1550 985 1607 otto
1000 1561 1021 1605 0
1037 1561 1139 1621 noue,
1162 1539 1242 1606 delli
1265 1538 1356 1623 quali
1378 1537 1451 1604 diro
1477 1537 1598 1624 dipoi.

363 1661 441 1726 Non
457 1677 572 1744 puono
587 1653 713 1742 partire
735 1658 880 1721 mancho
896 1657 960 1722 che
982 1655 1032 1721 fra
1051 1665 1139 1724 sette
1159 1676 1179 1720 0
1200 1664 1273 1722 otto
1293 1654 1415 1741 giomi,
1441 1664 1476 1720 et
1492 1663 1604 1720 tanto

363 1775 421 1861 piu
437 1773 609 1840 andarano
630 1770 851 1850 accomodati,
874 1791 936 1855 per
955 1774 1058 1838 esser’
1075 1747 1104 1835 ‘ii
1128 1782 1241 1856 tempo
1265 1792 1312 1835 un
1339 1790 1426 1856 poco
1448 1769 1594 1835 auanti.

364 1889 488 1975 Quella
503 1888 546 1953 de
563 1905 605 1972 29
621 1905 689 1950 non
705 1885 724 1950 ὲ
741 1885 827 1950 altro
843 1887 907 1951 che
926 1884 1198 1970 accompagniar’
1222 1885 1244 1951 il
1267 1887 1306 1952 P.
1330 1883 1500 1971 Gregorio
1523 1905 1599 1950 con

363 2006 388 2071 li
403 2001 490 2082 suoi,
508 2002 519 2068 i
536 2001 627 2087 quali
643 1999 801 2087 gionsero
818 1999 875 2083 qui
897 2011 986 2068 sette
1005 2022 1025 2066 o
1047 2011 1119 2066 otto
1140 1999 1251 2086 giomi
1274 1999 1390 2068 auanti
1414 2021 1479 2080 me3
1506 2011 1545 2066 et
1572 1996 1596 2063 il

368 2123 406 2187 P.
425 2117 579 2203 Georgio
595 2138 660 2183 con
677 2115 699 2180 li
716 2115 803 2197 suoi,
824 2114 953 2182 Mathia
972 2115 1074 2182 etiam
1091 2127 1125 2181 et
1141 2117 1243 2183 Cario
1260 2115 1396 2193 Ursin0‚
1416 2115 1494 2181 tutti
1516 2113 1599 2182 sani

367 2257 432 2302 con
459 2235 492 2299 la
513 2231 624 2318 gratia
643 2232 698 2297 del
719 2231 867 2316 Signore
890 2233 914 2297 ⁴.
939 2231 1131 2298 Habbiamo
1154 2231 1303 2297 ritenuto
1330 2253 1397 2317 qua
1423 2231 1598 2298 Giacomo

367 2349 519 2436 spirense
540 2370 599 2433 per
618 2348 652 2413 la
671 2347 779 2413 classe
799 2348 833 2411 d'
856 2345 1048 2426 humanita,
1071 2359 1107 2414 et
1128 2346 1241 2414 Gioan
1268 2347 1407 2432 anglese
1434 2368 1493 2432 per
1513 2347 1598 2432 leg-

368 2468 440 2552 ger’
459 2483 575 2548 greco.
596 2461 720 2528 Carolo
741 2459 866 2528 Ursino
886 2472 921 2529 et
945 2461 1074 2528 Mathia
1096 2462 1277 2529 habbiamo
1303 2461 1452 2528 mandati
1475 2460 1512 2526 in
1537 2463 1598 2526 In-

368 2579 550 2666 golstadio;
570 2576 698 2645 Mathia
714 2575 807 2642 accio
824 2575 1005 2642 incominci
1021 2578 1063 2642 ad
1080 2577 1201 2643 aiutar'
1218 2579 1251 2645 la
1266 2577 1301 2643 in
1317 2578 1462 2662 qualche
1474 2599 1560 2664 ,cosa
1573 2575 1597 2640 il

370 2706 506 2776 rettore,
526 2692 649 2759 Carolo
665 2690 790 2759 Ursino
806 2691 965 2758 aecioche
981 2690 1104 2777 aspetti
1120 2693 1167 2758 fin
1179 2695 1242 2759 che
1253 2693 1288 2759 io
1303 2694 1390 2759 vada
1402 2714 1504 2760 senza
1517 2693 1597 2776 leg-

370 2813 442 2898 ger'
461 2830 542 2875 cosa
558 2807 691 2873 nisuna:
710 2806 733 2871 li
750 2806 826 2872 altri
842 2806 891 2875 sei
907 2806 1065 2874 habiamo
1085 2807 1234 2874 mandati
1251 2831 1270 2874 a
1286 2808 1436 2894 Dilinga,
1453 2809 1519 2876 che
1537 2829 1596 2872 as-

369 2923 500 3013 pettino
515 2924 538 2988 li
555 2923 585 2987 la
603 2921 668 2986 mia
683 2933 823 3003 venum,
841 2943 944 2988 senza
959 2923 1110 2989 mettersi
1126 2922 1161 2989 in
1182 2923 1305 2990 nisuna
1324 2921 1478 3002 lettione,
1501 2934 1538 2991 et
1558 2923 1593 2987 in
1682 2919 1683 2979 l

371 3052 492 3127 questo
509 3048 621 3122 tempo
638 3039 682 3102 ho
697 3037 792 3102 detto
808 3059 828 3102 a
844 3037 923 3102 tutti
939 3039 1003 3105 che
1018 3040 1047 3103 s'
1065 3038 1257 3123 applichino
1280 3038 1335 3104 all’
1360 3037 1513 3104 oratione
1534 3038 1594 3123 piu

370 3157 436 3222 del'
453 3151 624 3220 ordinario
639 3173 706 3217 vna
721 3153 802 3217 hora
821 3173 841 3218 o
861 3152 930 3234 doi,
948 3165 983 3218 et
998 3152 1021 3217 il
1038 3162 1151 3239 tempo
1168 3153 1304 3220 residuo
1319 3153 1421 3219 diano
1441 3153 1496 3221 alli
1517 3151 1595 3220 suoi
1681 3237 1682 3240 Ἴ

372 3268 474 3354 studij
492 3290 553 3354 per
569 3266 756 3352 prepararsi
773 3277 839 3335 etc.

440 3399 472 3467 5.
520 3383 590 3478 Allf
618 3381 737 3448 ultima
762 3381 842 3450 delli
870 3401 888 3466 3
917 3382 960 3450 de
987 3383 1190 3451 Settembre.
1221 3386 1278 3450 Ho
1301 3383 1390 3450 visto
1415 3385 1447 3450 la
1466 3385 1594 3449 contir-

373 3499 521 3566 matione
541 3499 596 3568 del
616 3519 732 3563 nuouo
752 3497 939 3583 prouincial
959 3499 1002 3565 de
1023 3499 1162 3566 Austria
1191 3502 1201 3534 ⁵
1224 3509 1258 3567 et
1278 3503 1397 3567 rettor'
1418 3500 1462 3564 de
1485 3498 1595 3566 Vien-
1680 3503 1681 3590 J

426 3781 435 3811 ¹
475 3777 621 3834 Antonius
634 3779 708 3833 Brus
721 3776 758 3832 de
772 3777 908 3845 Muglitz.

427 3875 438 3904 ²
476 3867 638 3924 «Henricus
652 3867 740 3921 Pisek
752 3867 780 3933 (t
796 3867 885 3936 1586),
904 3869 993 3939 vulgo
1007 3869 1188 3939 Scribonius,
1207 3886 1243 3923 ex
1256 3867 1479 3925 Bischofteinitz
1491 3869 1598 3936 (Bohe-
1679 3875 1680 3935 ζ

375 3960 451 4014 miae
468 3957 586 4031 oppido)
603 3965 694 4027 ortus,
715 3955 866 4029 utriusque
884 3955 954 4012 iuris
972 3958 1083 4029 doctor,
1102 3960 1238 4016 Carolum
1257 3959 1392 4013 Austriae
1410 3957 1594 4013 archiducem

376 4047 512 4103 educavit
526 4057 557 4100 et
570 4047 674 4101 Annae
691 4045 810 4114 reginae
828 4061 880 4116 per
891 4045 1047 4102 duodecim
1060 4065 1151 4103 annos
1169 4065 1185 4102 a
1202 4045 1437 4102 confessionibus
1449 4045 1515 4102 luit.
1529 4047 1597 4101 Pro·

376 4145 441 4208 pter
455 4133 650 4208 eloquentiam
663 4151 745 4188 suam
759 4142 790 4188 et
806 4132 968 4190 doctrinam
982 4139 1165 4191 «oraculum»
1179 4136 1299 4207 capituli
1311 4135 1463 4209 pragensis
1477 4138 1599 4190 vocaba-

376 4235 433 4280 tur.
449 4225 572 4280 Multum
586 4221 729 4278 laboravit
747 4230 778 4277 ut
796 4221 929 4277 Societas
947 4223 1019 4293 Jesu
1037 4225 1066 4280 in
1085 4224 1254 4280 Bohemiam
1271 4223 1504 4280 introduceretur
1522 4233 1553 4278 et
1570 4231 1600 4279 ut

377 4312 631 4385 archiepiscopalis
645 4311 731 4366 sedes
748 4311 902 4384 pragensis
914 4311 1032 4368 tandem
1050 4331 1155 4370 vacare
1171 4311 1331 4383 desinerem
1350 4322 1380 4370 at
1397 4313 1461 4385 ipse
1477 4311 1599 4384 dignita·

378 4412 438 4459 tem
456 4402 534 4457 illam
551 4408 719 4456 constanter
736 4401 897 4457 recusavit.
913 4401 1001 4474 (Ant.
1016 4403 1125 4472 Frind,
1139 4403 1196 4458 Die
1208 4402 1388 4458 Geschichte
1400 4401 1453 4458 der
1465 4399 1599 4457 Bischdfe

377 4489 438 4548 und
452 4487 639 4545 Erzbischdie
651 4507 710 4544 von
726 4491 801 4561 Prag
819 4489 1001 4562 [Prag1873]
1019 4509 1050 4563 p.
1071 4491 1229 4562 17c·189)u.
1252 4493 1519 4562 Buaurtsnltneun,
1539 4493 1594 4547 loc.
1677 4552 1678 4573 χ

378 4582 448 4648 cit.,
462 4581 486 4648 It
501 4593 566 4650 599·

433 4671 444 4703 ³
481 4667 668 4725 Btissemius·
755 4669 767 4702 ⁴
802 4668 879 4724 Vide
893 4669 980 4740 epist.
994 4680 1057 4739 425,
1071 4669 1138 4740 426.
1229 4671 1242 4706 ¹
1277 4669 1453 4727 Laurentius
1466 4669 1594 4742 Magius.
