3322 5370
419 429 472 503 ³93
802 435 908 491 Emer.
927 433 961 490 P.
982 433 1183 507 Nauna-466

381 605 537 652 romanu.
569 583 689 654 Vorrei
717 583 885 656 intender'
912 587 1000 654 dalla
1016 589 1057 655 Ρ.
1076 589 1119 655 V.
1150 610 1187 658 se
1213 591 1236 656 l’
1254 593 1300 656 ho
1316 591 1360 658 da
1386 593 1455 656 fare
1481 591 1515 656 di
1535 611 1593 675 qua

378 699 512 780 auanti,
531 710 565 767 et
581 719 647 767 con
663 703 727 768 che
739 701 943 771 ceremonie.

452 833 485 898 4.
534 817 600 882 Per
617 815 797 884 occasione
812 815 848 883 di
868 827 990 902 questo
1017 817 1128 886 vorrei
1155 832 1388 906 rapresentare
1407 821 1471 888 alla
1493 823 1531 888 P.
1553 823 1588 887 V.

381 932 450 998 che
466 931 620 998 almanco
637 930 692 996 alli
712 930 911 1018 prouinciali
925 932 960 998 di
976 917 1178 1018 queste'due
1197 935 1373 1022 prouincie
1392 935 1420 1003 si
1440 935 1589 1012 scriuese

381 1047 451 1114 che
465 1047 609 1114 essendo
624 1045 658 1112 io
672 1068 733 1132 per
753 1044 788 1112 di
804 1067 883 1132 qua,
908 1069 977 1114 non
1000 1050 1168 1117 facessere
1188 1071 1269 1117 cosa
1290 1071 1404 1118 nuoua
1426 1052 1459 1117 d'
1476 1050 1589 1137 impor-

384 1171 496 1240 tanza,
515 1182 618 1229 senza
632 1161 863 1244 consultarmi3
881 1161 1062 1230 altrimenti
1078 1163 1110 1230 io
1126 1186 1193 1230 non
1211 1167 1332 1250 puotrd
1344 1165 1417 1232 dire
1428 1165 1451 1230 il
1463 1165 1528 1232 mio
1540 1187 1590 1251 pa·

385 1297 473 1358 rere,
492 1277 640 1342 secondo
655 1277 689 1342 la
704 1275 940 1346 commissione
955 1279 1020 1346 che
1035 1281 1079 1344 ho
1095 1279 1184 1346 della
1200 1281 1240 1346 Ρ.
1258 1281 1303 1347 V.

455 1407 486 1474 5.
535 1393 709 1459 Passando
725 1413 785 1477 per
804 1392 1033 1474 Confluentia‚
1057 1394 1166 1461 trouai
1189 1403 1276 1461 sette
1292 1393 1448 1462 canonici
1463 1395 1506 1464 de
1520 1396 1592 1463 Tre·

384 1503 463 1584 uiri,
481 1515 515 1572 et
531 1527 599 1571 non
615 1504 638 1569 il
653 1506 795 1586 decano,
814 1508 1018 1594 congregati
1039 1530 1099 1594 per
1125 1509 1158 1575 le
1184 1509 1339 1595 essequie
1362 1520 1429 1576 etc.
1452 1510 1526 1578 dell'
1548 1531 1592 1574 ar-

379 1619 569 1688 ›ciueseouo
585 1629 693 1687 morto
714 1623 730 1685 ¹.
751 1622 889 1688 Benche
910 1643 978 1688 non
994 1622 1040 1688 mi
1064 1624 1181 1690 lermai
1196 1623 1254 1710 piu
1282 1627 1346 1692 che
1368 1647 1390 1692 a
1405 1645 1526 1710 pranso
1539 1645 1592 1690 con

387 1735 460 1801 loro
480 1735 535 1802 nel
555 1735 706 1816 castello,
729 1736 819 1803 doue
845 1737 949 1804 fanno
977 1739 1090 1805 tauola
1117 1760 1214 1806 come
1239 1739 1261 1805 l’
1290 1738 1519 1820 arciuescouo,
1536 1759 1593 1804 non

388 1851 491 1936 puote
512 1849 675 1916 scusarmi
695 1849 730 1916 di
746 1850 842 1932 farlo,
865 1871 925 1936 per
940 1854 1061 1939 grand'
1079 1853 1232 1921 instanza
1247 1857 1310 1921 ch'e
1326 1855 1372 1922 mi
1387 1858 1424 1921 lu
1445 1856 1534 1922 latta:
1549 1851 1585 1919 di·

380 1975 598 2032 mostrorono
614 1987 701 2051 gran
716 1965 965 2048 beneuolentia,
984 1979 1049 2034 etc.
1068 1969 1126 2035 Ho
1141 1979 1263 2054 saputo
1278 1969 1301 2034 li
1313 1970 1368 2036 dal
1388 1969 1590 2048 reddituariu

388 2082 453 2145 che
467 2079 490 2145 li
506 2079 612 2146 nostri
628 2102 699 2147 non
713 2083 828 2147 hanno
844 2080 1011 2149 necessus
1026 2082 1061 2149 in
1085 2082 1229 2152 Treuiri:
1249 2095 1283 2149 et
1304 2083 1542 2170 specialmente
1555 2081 1591 2146 mi

383 2194 479 2263 disse
495 2198 557 2262 che
578 2193 789 2282 monsignor,
808 2194 864 2263 doi
891 2196 1002 2282 giorni
1018 2198 1133 2266 auanti
1158 2201 1222 2266 che
1245 2221 1388 2279 morese,
1411 2199 1436 2265 li
1451 2199 1521 2266 dise
1540 2200 1592 2263 che

384 2311 493 2396 quelli
508 2311 541 2377 di
563 2313 815 2394 Luzemburgo,
833 2314 1013 2381 haueuano
1040 2313 1219 2400 impetrata
1237 2315 1326 2380 dalla
1342 2311 1591 2400 gubematrice¹

387 2436 425 2491 et
441 2437 533 2492 corte
549 2425 584 2490 di
602 2427 774 2493 Brusselle
789 2448 857 2492 vna
872 2427 1088 2509 comissione,
1109 2451 1168 2515 per
1185 2429 1354 2516 applicare
1368 2429 1392 2494 il
1408 2425 1592 2496 monasterio

383 2540 424 2606 di
440 2541 508 2609 S.ta
534 2541 683 2607 Barbara
698 2541 742 2609 de
759 2541 1011 2629 Luzemburg0,
1030 2543 1087 2630 giis
1103 2543 1270 2630 applicato
1286 2545 1318 2612 al
1332 2555 1450 2612 nostro
1465 2540 1590 2626 collegio

387 2656 433 2723 de
450 2654 629 2734 Treuiri‚a
649 2657 707 2722 vn'
730 2657 814 2723 altra
835 2679 937 2743 opera
958 2657 1012 2745 pia
1032 2659 1075 2725 de
1091 2663 1269 2739 monache,
1298 2659 1526 2746 pretendendo
1540 2659 1590 2721 ha-

384 2792 472 2839 uere
503 2772 608 2838 breue
639 2793 660 2837 ο
691 2771 851 2840 auttorita
882 2773 937 2840 dal
969 2797 1055 2861 papa
1085 2796 1144 2860 per
1176 2784 1311 2860 questo.
1344 2777 1380 2841 lo
1411 2775 1590 2842 scriuerha

391 2889 477 2954 Mro.
491 2887 646 2966 Coster0‚
661 2908 699 2954 se
714 2889 783 2973 pud
794 2891 921 2956 hauere
936 2891 1081 2976 qualche
1096 2911 1212 2958 mezzo
1228 2889 1263 2956 in
1279 2892 1373 2957 detta
1389 2904 1495 2968 corte,
1512 2885 1589 2954 aecio

383 3001 420 3068 si
434 3001 605 3086 suspende
621 3002 643 3066 l'
666 3003 921 3088 essequutione,
939 3003 1041 3072 insin¹
1059 3005 1124 3072 alla
1139 3005 1300 3074 elettione
1314 3006 1369 3071 del
1389 3027 1504 3072 nuouo
1519 2999 1590 3069 arci-

390 3135 554 3196 uescouo,
573 3127 606 3184 et
626 3117 868 3203 specialmente
894 3121 1055 3207 perchee
1081 3124 1139 3187 vn'
1167 3143 1257 3188 anno
1284 3124 1350 3189 che
1370 3121 1429 3187 noi
1456 3120 1551 3187 siamo
1564 3117 1591 3182 in

392 3253 547 3317 possesso
562 3253 623 3318 per
644 3233 803 3301 auttorita
832 3236 1027 3322 apostolica.
1052 3238 1097 3306 Se
1112 3236 1145 3303 la
1162 3238 1202 3303 P.
1230 3238 1274 3304 V.
1298 3236 1365 3323 pud
1386 3232 1591 3304 aiutaredlll

390 3345 427 3413 in
444 3357 564 3431 questo
580 3369 640 3433 per
656 3349 800 3433 qualche
821 3372 952 3432 mezzo,
977 3373 998 3418 o
1025 3373 1091 3418 con
1110 3353 1229 3419 lettere
1245 3352 1301 3420 del
1312 3351 1482 3420 cardinale
1496 3351 1592 3418 Gran-

393 3462 480 3542 uela,
500 3484 520 3528 ο
547 3485 630 3530 uero
656 3464 712 3529 del
732 3465 963 3533 alessandrino
982 3467 1026 3532 da
1048 3477 1145 3553 parte
1165 3467 1221 3535 del
1247 3489 1345 3553 papa,
1367 3488 1389 3533 0
1414 3460 1589 3539 altrimenti,

392 3575 480 3642 saria
496 3577 546 3643 far
562 3578 666 3644 buon'
684 3599 787 3664 opera
803 3603 823 3648 a
850 3580 929 3666 quel
944 3581 1102 3670 collegio.
1126 3583 1162 3648 lo
1177 3582 1290 3649 scriuo
1311 3603 1330 3648 a
1352 3583 1437 3650 Mro.
1461 3575 1591 3648 Antonio

392 3691 532 3773 Winch‚
550 3695 614 3759 che
631 3691 709 3760 uadi
726 3706 839 3780 presto
851 3705 867 3738 ⁸
886 3718 907 3762 a
923 3697 1068 3779 Treuiri,
1091 3708 1126 3765 et
1141 3719 1200 3784 per
1221 3718 1336 3765 mezzo
1356 3696 1435 3764 delli
1455 3689 1590 3763 canonici

392 3808 528 3893 procuri
549 3807 745 3877 disendersi.
769 3809 867 3878 Altro
891 3833 958 3878 non
974 3833 1115 3880 occurre
1135 3834 1196 3899 per
1216 3823 1346 3898 questa.
1375 3813 1539 3878 Dominus
1555 3805 1590 3870 sit

398 3948 607 3959 ——u——n-

448 4021 463 4054 ²
492 4011 556 4066 Hoc
572 4013 657 4068 verb.
674 4011 786 4069 addidit
800 4013 840 4069 N.
859 4013 889 4069 in
903 4031 994 4085 marg.

450 4192 457 4223 ¹
497 4191 624 4260 Joannes
647 4206 705 4245 von
723 4189 776 4245 der
793 4190 906 4262 Leyen,
924 4191 1159 4264 archiepiscopus
1172 4199 1203 4247 et
1214 4193 1324 4246 elector
1337 4191 1512 4260 trevirensis,
1528 4186 1591 4242 diem

388 4295 561 4349 supremum
574 4279 647 4334 obiit
659 4278 707 4333 die
725 4295 742 4349 9
760 4279 911 4335 Februarii
927 4297 1003 4335 anno
1023 4280 1101 4350 1567.
1120 4280 1223 4351 GAltS‚
1241 4281 1296 4335 loc.
1315 4279 1368 4336 cit.
1392 4281 1593 4336 Rsrsssnsunfi

389 4375 489 4422 autem
502 4367 549 4423 die
566 4379 597 4422 10
610 4367 671 4422 vita
689 4367 823 4424 functum
841 4368 882 4424 ait
899 4369 930 4423 in
942 4369 1083 4424 Historia
1098 4368 1254 4424 Societatis
1264 4369 1340 4440 Jcsu
1357 4371 1399 4424 od
1416 4369 1542 4424 Rhenum
1557 4363 1591 4416 in·

375 4513 377 4518 ,
386 4453 546 4530 seriorem,
563 4457 587 4526 1,
603 4469 663 4512 122.
675 4456 751 4512 Vide
765 4455 805 4514 ibi
819 4455 948 4528 elogium
961 4455 1048 4529 hujus
1062 4455 1174 4529 egregii
1187 4457 1254 4529 viri,
1266 4456 1422 4514 Societatis
1435 4458 1502 4528 Jesu
1514 4467 1592 4508 amau·

393 4542 516 4600 tissimi.

447 4637 457 4666 ¹
496 4633 651 4704 Margarita
663 4633 701 4690 de
714 4635 829 4706 Parma,
843 4633 996 4692 Flandriae
1008 4633 1210 4706 gubernatrix.
