3456 5386
637 522 656 577 4
674 497 752 575 Ma'Jr
775 508 844 578 1566
1280 529 1317 585 99

161 671 187 730 et
198 660 225 726 dl
236 659 433 726 Ferdinando
449 659 571 746 primo,
589 660 624 726 in
640 670 755 746 tempo
775 664 839 728 che
858 661 882 727 li
905 663 1064 731 catholici
1085 686 1190 732 erano
1209 665 1269 751 piu
1287 687 1350 752 po-

161 774 224 842 tami
236 786 264 842 et
276 775 512 860 specialmente
528 776 550 841 l'
568 774 750 863 imperator
766 777 880 860 Carlo,
898 787 934 845 et
954 778 978 844 li
999 780 1184 867 aduersarij
1197 790 1213 825 ⁸
1228 801 1351 848 manco

160 889 218 956 lorti
229 903 258 957 et
270 890 430 958 licentiosi
445 893 510 958 che
525 891 662 959 adesso:
684 902 720 959 et
739 893 810 959 cosi
831 913 1028 978 pensauano
1044 895 1069 961 li
1085 895 1244 964 catholici
1261 895 1349 964 rice-

158 1027 219 1072 uere
231 1006 332 1092 granl’
356 1005 469 1093 gratia
489 1007 545 1074 dal
564 1007 702 1094 signore
718 1007 825 1089 Iddio,
844 1029 881 1076 se
896 1019 1099 1095 puotessero
1120 1011 1349 1080 confirmaree

154 1121 241 1205 quella
255 1121 370 1206 paceff.
389 1122 430 1189 Li
446 1122 632 1208 aduersarij
652 1124 697 1189 ad
717 1123 801 1210 ogni
821 1125 922 1192 modo
938 1127 1110 1194 uoleuano
1131 1125 1349 1213 aggiongere

151 1249 222 1304 certe
232 1237 408 1323 conditionj
422 1259 523 1324 sopra
539 1239 638 1306 modo
650 1238 877 1323 intollerabili,
891 1251 925 1308 et
938 1251 1083 1308 stauano
1096 1263 1157 1328 per
1169 1241 1193 1307 il
1209 1253 1348 1310 eontra-

149 1353 186 1417 rio
197 1353 216 1416 li
229 1352 380 1419 catholici
395 1375 415 1420 a
431 1375 503 1420 non
523 1353 736 1440 aggiongere
755 1355 872 1440 parola
894 1355 1055 1436 nissuna,
1070 1355 1149 1424 etsi
1172 1356 1264 1425 tiene
1287 1377 1349 1442 per

144 1478 218 1534 certo
235 1470 294 1536 che
312 1469 385 1536 cosi
411 1468 440 1535 si
464 1468 734 1550 conchiuderae,
757 1471 883 1554 perche
906 1470 978 1537 cosi
1000 1470 1033 1537 ci
1058 1473 1101 1538 ha
1124 1471 1219 1539 detto
1245 1494 1265 1538 a
1292 1472 1349 1540 noi

141 1585 233 1667 quello
245 1585 298 1652 del
313 1586 407 1672 Jona
425 1587 448 1651 ¹.
467 1584 685 1652 Trattandosi
701 1595 822 1672 questo
836 1585 975 1672 negotio
988 1607 1102 1654 uenne
1119 1608 1189 1654 una
1200 1588 1322 1656 lettera
1337 1586 1348 1630 f

139 1699 202 1764 dell’
216 1699 318 1766 amico
333 1701 378 1766 de
393 1699 601 1785 Rodriguez,
619 1701 709 1766 nella
725 1701 825 1785 quale
840 1699 963 1768 diceua
979 1701 1035 1768 all’
1050 1712 1189 1788 agente,
1205 1705 1269 1770 che
1287 1723 1347 1769 ue-

140 1815 260 1882 nendosi
271 1837 291 1881 a
302 1814 517 1882 conclusion'
530 1815 676 1882 alchuna
688 1817 753 1881 che
764 1815 995 1902 pregiudicasi
1006 1822 1026 1884 a
1038 1817 1091 1883 los
1104 1818 1219 1884 suetos
1230 1839 1298 1903 que
1310 1838 1347 1884 se

138 1931 277 2010 hizieron,
292 1932 406 1998 donde
422 1952 469 2016 yo
480 1929 560 1998 vine
574 1951 597 2015 y
613 1939 737 1998 estuue
752 1951 853 2016 poco,
871 1953 895 2016 y
911 1937 1009 1999 tome
1022 1938 1113 1999 atras
1125 1954 1208 2018 para
1224 1934 1348 1999 acabar

139 2047 174 2112 mi
187 2045 277 2114 visita
298 2047 459 2132 passada,
481 2045 609 2113 hiziese
629 2066 699 2112 una
719 2046 961 2132 protestacion.
980 2049 1115 2134 Questa
1130 2048 1251 2115 lettera
1274 2050 1348 2115 fece

137 2162 341 2248 grandissima
356 2162 533 2242 difficolta,
552 2172 586 2228 et
603 2162 673 2228 cosi
690 2160 721 2227 ci
739 2163 888 2228 furonoss
905 2173 1065 2248 proposte
1078 2164 1157 2232 dall’
1177 2172 1303 2249 agente
1316 2164 1348 2232 le

136 2277 281 2362 questionj
301 2280 365 2344 che
381 2277 414 2343 la
432 2277 505 2343 ΡΒι
519 2278 584 2344 V.⁸
594 2276 734 2356 uedera,
749 2277 841 2361 quali
853 2299 975 2344 sarano
988 2299 1053 2344 con
1066 2289 1187 2363 questa
1204 2277 1346 2346 insieme

134 2411 186 2458 om
204 2394 233 2461 le
248 2393 472 2478 responsionj.
497 2396 540 2460 Et
563 2392 658 2460 accio
686 2393 718 2459 la
744 2394 817 2458 Pa
831 2393 895 2459 V.·
920 2392 1023 2460 habia
1046 2393 1286 2461 informatione
1310 2393 1346 2460 di

135 2508 228 2590 quello
243 2511 304 2576 che
324 2509 356 2574 la
377 2507 405 2574 si
423 2518 532 2587 tocca,
550 2509 676 2576 mando
697 2507 732 2573 in
758 2529 805 2573 un
821 2509 907 2575 altra
927 2508 1088 2575 scrittura
1108 2517 1265 2594 separata
1288 2509 1346 2595 piu

134 2623 291 2710 allungho
305 2625 338 2690 la
354 2623 584 2709 explicatione
599 2623 687 2691 delle
704 2633 821 2690 nostre
837 2622 1050 2708 responsionj
1069 2624 1094 2688 ¹.

188 2759 217 2821 4.
262 2741 304 2806 Et
320 2749 411 2808 tutte
430 2750 551 2824 queste
572 2739 731 2806 scritture
751 2737 780 2805 si
804 2739 973 2806 mandano
990 2760 1010 2805 a
1026 2740 1070 2806 V.
1091 2741 1131 2805 P.
1151 2760 1211 2824 per
1232 2739 1254 2804 il
1277 2739 1346 2806 fine

137 2853 181 2940 gh
194 2857 293 2934 dett0,
307 2857 434 2941 perche
447 2855 606 2922 temiamo
617 2855 864 2941 grandemente
877 2856 954 2934 che,
970 2857 997 2920 s'
1013 2854 1047 2920 in
1064 2865 1186 2939 questo
1203 2854 1347 2940 negotio

137 2979 214 3037 tanto
228 2971 429 3056 importante
445 2982 480 3039 et
496 2969 684 3057 pericoloso
700 2969 729 3036 si
744 2991 789 3037 ua
805 2969 840 3035 in
858 2971 971 3052 hetta,
991 2991 1060 3038 non
1076 2969 1105 3036 si
1128 2968 1285 3057 uenghi¹¹
1302 2971 1345 3037 ad

136 3105 191 3153 una
203 3089 327 3174 grande
343 3097 479 3154 rottura
493 3097 528 3155 et
544 3087 658 3153 danno
674 3085 938 3173 irrecuperabile
956 3085 977 3170 ¹,
992 3087 1143 3154 secondo
1159 3080 1191 3153 le
1207 3085 1344 3154 circun-

138 3207 326 3220 ῦ--ι--ι

176 3257 257 3312 ιΒο.
279 3253 522 3312 annonaria-b
545 3254 600 3310 Bo.
619 3255 803 3327 grande-e
834 3254 887 3309 Bo.
907 3257 1059 3328 parassem
1080 3251 1237 3326 conferma
1258 3271 1344 3311 re.—

133 3341 206 3400 dllo.
218 3345 256 3401 ita
268 3342 412 3418 expolivit
429 3359 515 3416 seqq.
534 3358 628 3415 usque
645 3341 682 3397 ad
699 3343 827 3398 nissuna
844 3342 931 3398 lncl.:
949 3341 1003 3398 Gli
1015 3344 1188 3398 avversarii
1200 3343 1345 3400 volevano

132 3433 164 3488 ad
181 3435 247 3508 ogni
266 3433 354 3489 modo
375 3433 568 3506 aggiungm
590 3435 668 3488 certa
690 3430 860 3486 condizioni
881 3435 973 3504 sopra
991 3433 1079 3487 modo
1096 3431 1344 3501 intollerabili;e
1417 3437 1419 3442 ‘

132 3525 237 3578 &nuno
254 3528 310 3596 par
331 3520 523 3577 ilcontrario
544 3520 707 3576 icattolici
723 3538 744 3574 a
761 3537 821 3574 non
839 3519 1033 3594 aggiungare
1046 3519 1160 3594 parole
1177 3520 1343 3576 alcuna.-

133 3611 197 3666 εΒο.
213 3612 307 3667 omitt.
327 3623 361 3666 1o
381 3609 473 3666 verba
486 3607 626 3682 seqq-f
657 3609 713 3664 Bo.
738 3607 778 3662 lta
792 3607 918 3664 mutavit
936 3625 1020 3682 seqq.
1039 3607 1182 3681 usquead
1196 3612 1343 3680 protesta-

131 3700 185 3755 clrln
200 3701 285 3757 incl:
304 3699 356 3756 dal
372 3699 473 3772 Papa,
486 3697 570 3753 mlta
586 3698 676 3769 quola
688 3698 793 3753 diesve
813 3697 845 3753 al
866 3697 990 3772 Legata,
1002 3697 1052 3754 cha
1065 3697 1226 3753 venandosi
1238 3715 1259 3751 α
1276 3713 1341 3753 con·

129 3789 241 3846 autom
252 3791 367 3845 alcuna
379 3789 429 3844 cha
439 3786 667 3862 pregiudicasse
684 3786 718 3841 ai
730 3786 845 3858 diruti,
851 3784 970 3859 facesse
983 3803 1048 3841 una
1057 3789 1206 3860 protestat.
1223 3783 1341 3858 Omnia,

130 3897 192 3952 quse
207 3879 316 3936 Natalis
336 3893 471 3934 sermone
488 3875 612 3948 hispano
629 3875 678 3931 hic
691 3875 820 3948 scripsit,
834 3873 934 3931 omisit
947 3875 1019 3942 Bo.;
1034 3874 1111 3930 unde
1129 3891 1262 3930 mancam
1274 3875 1342 3931 reli·

129 3967 181 4040 quit
192 3967 377 4036 sententiam,
391 3973 422 4020 et
434 3981 487 4038 pro
499 3971 562 4020 tota
583 3964 715 4019 clausula
738 3962 900 4037 hispanica,
914 3980 1002 4037 quam
1015 3979 1103 4035 supra
1116 3957 1352 4036 explicavimus,‘

129 4060 211 4132 posuit
221 4055 371 4131 generalis
384 4054 434 4110 illa
446 4053 505 4109 duo
518 4053 619 4108 verba:
634 4053 668 4108 ai
679 4052 793 4108 dirim.
803 4063 849 4107 -t
871 4053 925 4107 Bo.
939 4050 1094 4125 sequentia
1106 4049 1149 4107 ita
1162 4052 1339 4124 composuit:

122 4151 243 4221 propotu
254 4146 308 4203 dal
324 4145 436 4218 Legata
449 4143 477 4198 le
492 4142 649 4215 questioni,
662 4142 713 4197 che
733 4141 766 4196 V.
781 4141 822 4197 P.
839 4141 934 4197 vedrcl
947 4157 1002 4196 con
1015 4144 1133 4213 questa,
1146 4140 1271 4196 insieme
1285 4157 1340 4196 cort

124 4236 282 4312 temporie.
300 4235 329 4290 E
344 4231 428 4290 accio
447 4231 480 4287 V.
494 4231 535 4286 P.
552 4229 640 4287 abbia
652 4228 876 4304 informasioroe
893 4229 928 4286 di
945 4229 1046 4300 quello
1059 4229 1156 4285 chain
1168 4247 1228 4285 essa
1242 4230 1269 4285 si
1282 4233 1339 4287 loc·

121 4343 164 4390 co,
182 4326 289 4382 mando
311 4325 345 4380 in
366 4341 411 4378 un
433 4321 518 4376 altra
539 4320 687 4375 seriam
704 4322 849 4392 separata
871 4317 904 4373 la
921 4317 1118 4391 mplicasione
1139 4318 1216 4375 dalle
1238 4323 1339 4374 nostre

121 4411 300 4484 reposta-¹1
315 4412 372 4466 Bo.
389 4405 553 4491 vqngael
576 4407 629 4462 Bo.
643 4405 859 4481 irreparabile.

166 4549 174 4581 ¹
206 4545 462 4618 archiepiscopus.
477 4556 519 4596 sc.
533 4537 717 4612 trevirensis,
731 4539 861 4610 Joannes
875 4554 934 4594 von
952 4537 1005 4594 der
1024 4537 1221 4610 Leyen.Vlde
1235 4557 1336 4613 supra,

123 4649 178 4706 pag.
191 4635 232 4705 96,
246 4647 291 4706 97,
304 4640 411 4690 annot.
431 4642 458 4685 1.

166 4727 177 4760 ¹
209 4725 288 4781 Hanc
300 4717 531 4796 explicationem
543 4719 636 4774 habes
649 4716 734 4783 infra,
748 4717 805 4773 sub
818 4713 917 4772 litters
929 4715 967 4773 E.
