3414 5374
615 473 651 531 30
669 475 755 548 Junn
776 486 842 544 1575
961 441 968 458 ⁶
1248 473 1303 546 693

113 623 283 710 Palatino,
301 648 415 694 uanno
438 647 457 694 a
480 617 630 694 studiana
645 627 678 693 la
695 647 761 694 con
781 648 946 714 speranza
973 626 1009 693 di
1038 649 1084 694 un
1112 648 1199 712 gran
1216 628 1337 694 frutto.

114 739 141 806 F
143 740 270 808 accialo
285 741 352 809 Dio
367 743 438 811 S.⁰r
458 753 586 818 nostro,
605 743 730 811 Amen.
746 743 872 810 Mando
888 764 908 809 a
924 743 968 809 V.
986 744 1028 810 R.
1046 742 1114 809 due
1130 739 1229 809 breui
1246 751 1338 808 otte-

118 855 190 922 nuti
207 859 251 925 da
261 859 332 926 Sua
347 859 436 940 S.¹²,
454 878 495 927 co
511 856 521 922 i
537 858 630 944 quali
644 879 745 945 spero
765 858 794 924 si
809 858 996 925 consolari.
1020 857 1091 926 Sua
1111 858 1181 927 Sd*
1206 878 1252 923 ua
1274 879 1339 944 pa-

114 972 264 1056 -gandoci
279 974 423 1058 qualche
438 983 534 1060 parte
549 973 604 1040 dei
619 972 725 1042 debiti
745 974 801 1041 del
820 973 965 1060 collegio
987 994 1142 1055 romano,
1168 982 1203 1040 et
1219 974 1338 1041 facen-

113 1085 194 1152 doci
216 1089 248 1154 al
267 1088 366 1156 solito
385 1089 505 1176 gratie.
526 1087 628 1158 Sichd
649 1089 754 1156 molto
769 1089 802 1155 lo
823 1089 1048 1155 raccomando
1069 1110 1090 1154 a
1110 1089 1154 1155 V.
1177 1089 1219 1154 R.
1239 1087 1338 1154 Hab··

116 1199 228 1268 biamo
243 1203 327 1269 fatto
354 1213 480 1270 rettora
506 1203 595 1272 della
620 1201 860 1290 penitentiaria
879 1202 902 1268 il
919 1205 960 1271 P.
982 1203 1160 1284 Ximenez,
1179 1213 1214 1270 et
1229 1202 1337 1270 sendo

112 1327 256 1400 granato
271 1317 314 1384 da
329 1317 464 1385 diuerso
483 1316 733 1404 indispositioni
752 1317 776 1383 il
797 1319 838 1385 P.
862 1317 1006 1399 Mirone,
1030 1317 1212 1384 habbiamo
1232 1326 1335 1404 posto

114 1426 193 1495 ilP.
213 1430 365 1500 Oliuerio
379 1432 416 1497 in
431 1454 495 1500 suo
510 1432 627 1520 luogo.
646 1433 672 1498 Il
688 1434 728 1500 P.
748 1434 900 1500 Polanco
921 1433 1010 1500 ando
1027 1454 1048 1498 a
1069 1431 1209 1501 uisitare
1224 1431 1259 1498 la
1279 1430 1336 1500 Si-

111 1541 202 1611 cilia.
220 1547 245 1612 11
266 1549 305 1612 P.
324 1547 369 1614 G.
392 1547 495 1615 Facio
514 1550 560 1615 ha
581 1568 648 1614 con
668 1547 756 1616 assai
782 1546 1018 1616 sodisfattione
1047 1546 1183 1615 uisitata
1202 1547 1235 1613 la
1253 1548 1336 1616 Sar-

115 1657 230 1746 digna.
247 1661 273 1726 ss
291 1663 330 1728 Ρ.
355 1661 551 1750 Rodriguez
572 1673 606 1732 et
628 1665 668 1731 P.
691 1663 816 1730 Ribera
836 1683 922 1730 sono
942 1661 1098 1729 ritornati
1118 1661 1153 1728 di
1173 1661 1333 1745 Fiandra,

114 1773 205 1843 doue
219 1778 332 1844 hanno
347 1781 434 1845 fatto
449 1778 554 1846 molto
569 1778 663 1845 buon
674 1776 828 1844 seruizio.
843 1779 869 1844 ss
885 1780 950 1846 che
961 1780 980 1844 ἐ
993 1791 1122 1864 quanto
1135 1798 1237 1864 posso
1249 1775 1335 1845 dirle

118 1908 178 1972 per
199 1892 280 1958 hora
307 1891 635 1961 raccomandandoci
662 1892 743 1959 tutti
758 1894 823 1961 alle
849 1891 992 1960 orationi
1013 1903 1047 1958 et
1067 1891 1156 1959 santi
1176 1890 1335 1958 sacrificii

113 2003 152 2068 di
170 2005 214 2072 V.
232 2008 276 2073 R.
299 2007 345 2074 Di
360 2008 482 2092 Roma,
501 2022 542 2091 25
559 2007 701 2095 Giugno
722 2023 817 2092 1575.

680 2200 769 2263 5²8

442 2326 483 2392 P.
510 2325 818 2394 HIERONYMUS
842 2325 1006 2393 NADAL

349 2456 487 2513 PATRI
515 2455 762 2515 EVERARDO
790 2453 1091 2514 MERCURIANO

520 2585 638 2641 nanas,
659 2569 695 2628 30
712 2585 795 2646 Junn
815 2582 883 2642 1575
902 2572 926 2627 ¹.

178 2687 339 2760 Frequenti
352 2688 528 2745 litterarum
541 2689 717 2744 commercio
730 2703 798 2742 cum
806 2689 980 2759 praeposito
989 2687 1131 2761 generali
1140 2687 1266 2760 gaudet.

180 2813 325 2900 †Molto
341 2815 427 2882 Rdo.
448 2817 489 2881 P.
507 2815 549 2881 N.
566 2814 603 2880 in
618 2814 683 2881 X.⁰
703 2815 777 2881 Pax
797 2812 853 2881 X.¹
873 2797 901 2880 E
925 2811 1022 2879 finito
1045 2814 1068 2879 l'
1095 2834 1184 2880 anno
1211 2791 1333 2898 questo

119 2945 204 2995 mese
220 2951 240 2994 a
260 2945 299 3013 15
316 2930 393 3017 (con
408 2928 640 2996 consolatione
656 2929 724 2996 mia
739 2939 755 2971 ²
774 2939 809 2996 et
824 2928 944 3015 sanitd)
958 2928 1013 2996 del
1028 2927 1096 2994 mio
1113 2937 1182 2995 star
1197 2927 1232 2993 in
1245 2927 1333 2995 Hal-

120 3039 150 3108 ia
164 3043 185 3108 ¹.
203 3042 261 3112 Sia
276 3044 461 3112 benedetto
477 3043 501 3109 il
516 3043 643 3130 Signor
658 3065 719 3130 per
734 3042 758 3108 il
773 3043 952 3123 beneficio,
971 3053 1004 3112 et
1020 3044 1053 3108 la
1070 3046 1110 3110 P.
1129 3043 1173 3109 V.
1192 3043 1248 3110 nel
1268 3062 1332 3110 suo

117 3157 230 3242 grado,
247 3180 308 3244 per
322 3158 402 3226 cuio
416 3157 603 3225 ministerio
619 3169 654 3224 et
675 3157 868 3225 obedientia
884 3157 912 3223 si
930 3157 1002 3225 fece
1018 3167 1139 3241 questa
1161 3156 1227 3224 mia
1249 3156 1332 3222 mis-

118 3269 217 3339 sione.
236 3275 314 3340 Non
330 3275 376 3340 ho
392 3274 513 3342 lettera
528 3274 617 3341 della
634 3275 674 3340 P.
693 3274 737 3340 V.
756 3294 777 3340 a
792 3274 857 3339 che
872 3272 1059 3358 risponder‚
1077 3273 1121 3338 nd
1136 3270 1247 3338 vorrei
1267 3273 1332 3339 che

117 3383 261 3472 pigliassi
276 3391 320 3455 nd
335 3410 404 3455 vna
420 3387 587 3455 minimab
606 3387 753 3466 solicitd.
768 3389 812 3455 nd
824 3406 944 3453 manco
957 3386 1124 3472 trauaglio
1136 3385 1171 3450 di
1183 3384 1331 3454 scriuer·

119 3499 172 3567 mi.
191 3501 236 3570 Mi
249 3505 348 3571 basta
364 3513 379 3546 ⁰
398 3506 464 3570 che
478 3503 512 3570 io
529 3523 630 3590 possa
644 3501 773 3569 scriuer
789 3523 809 3568 a
829 3500 873 3569 lei
894 3499 976 3587 ogni
998 3522 1103 3581 mese,
1126 3510 1161 3567 et
1181 3499 1228 3564 mi
1248 3520 1331 3585 pare

118 3617 179 3681 che
193 3617 324 3686 resciuo
339 3618 436 3686 litere
451 3627 486 3686 et
501 3628 555 3684 sto
571 3639 638 3685 con
654 3639 730 3685 esso
745 3617 793 3683 lui
814 3615 950 3702 quando
971 3614 1094 3682 scriuo.
1117 3613 1176 3684 Sia
1196 3613 1331 3701 ringra-

122 3729 197 3798 tiato
211 3732 234 3798 il
250 3733 388 3827 Signor,
406 3733 484 3800 cuia
499 3731 631 3799 infinita
647 3731 875 3799 misericordia
891 3729 1066 3816 augmenti
1087 3750 1221 3815 sempre
1241 3729 1330 3798 nella

121 3845 157 3910 P.
174 3848 214 3916 V.
230 3849 278 3936 gli
293 3849 345 3916 soi
359 3847 468 3916 sancti
484 3847 565 3915 doni
580 3870 600 3914 a
616 3846 722 3914 maior
737 3845 845 3934 gloria
861 3845 895 3911 di
911 3866 973 3911 sua
984 3844 1099 3912 diuina
1113 3846 1196 3912 Mta.
1209 3854 1244 3911 et
1255 3864 1329 3910 ma-

118 3960 187 4044 gior
204 3972 390 4051 augmento
412 3964 501 4032 della
523 3984 586 4030 sua
605 3962 742 4030 minima
770 3959 994 4048 Compagnia.
1024 3962 1149 4028 Amen.
1179 3958 1250 4026 Alli
1277 3957 1329 4025 soi

114 4078 195 4145 santi
209 4079 366 4147 sacrificii
380 4091 415 4146 et
430 4077 575 4145 orationi
590 4079 633 4146 da
649 4080 728 4145 tutt'
746 4076 770 4142 il
785 4097 895 4163 cuore¹
905 4075 951 4141 mi
972 4075 1180 4154 ricomando,
1202 4073 1327 4140 simili·

118 4221 303 4238 —Q———n

157 4307 172 4342 ⁸
198 4301 261 4358 Hoc
273 4302 360 4356 verb.
378 4317 466 4372 supra
477 4317 557 4359 vers.
570 4297 681 4354 addidit
694 4298 792 4355 N.-b
801 4298 885 4363 Aut,
898 4297 1087 4353 minino-²
1101 4309 1118 4352 2
1130 4296 1222 4352 verba
1234 4311 1323 4368 seqq.

109 4398 189 4458 supra
201 4406 282 4446 vers.
298 4387 412 4444 addidit
426 4389 467 4445 N.

116 4501 304 4522 5-—

159 4581 168 4614 ¹
203 4583 246 4638 Ex
258 4585 451 4656 autographo,
465 4583 494 4639 in
508 4582 604 4656 Epist.
620 4581 736 4649 Natat„
750 4582 788 4651 ΙΙ,
802 4580 913 4655 duplici
926 4579 994 4653 fol.,
1009 4579 1061 4636 232
1074 4579 1162 4651 (213).

163 4673 174 4705 ¹
209 4671 283 4728 Vide
297 4673 387 4746 epist.
404 4683 470 4743 557.
