3404 5380
423 467 475 524 242
808 455 912 510 Errsr.
932 454 965 508 P.
986 452 1190 524 Naana-433

384 608 503 676 ordine
518 607 606 675 della
626 606 852 693 Compagnia,
870 617 905 673 et
921 606 991 672 cosi
1007 609 1035 672 s'
1054 617 1313 674 acostumanoa
1336 608 1468 694 grande
1489 607 1621 673 liberta
1677 593 1678 682 l

384 723 489 809 quelli
505 725 569 789 che
585 731 683 788 stano
699 722 742 789 la.
766 723 805 787 ln
825 721 964 808 Dilinga
987 722 1007 787 e
1030 721 1063 788 la
1086 721 1272 790 medesima
1298 721 1536 791 osseruatione
1561 725 1618 790 del
1677 685 1678 776 l

383 838 555 904 cardinale
569 848 604 905 et
619 837 674 905 del
690 836 881 924 conseglio;
900 845 995 905 tante
1011 835 1226 922 occupationi
1241 846 1277 905 et
1292 838 1421 904 assonti
1435 841 1500 905 che
1522 841 1617 904 han·

385 975 441 1033 no;
460 964 494 1020 et
510 953 544 1018 in
560 953 641 1019 tutti
656 952 680 1018 il
696 975 782 1038 poco
798 954 954 1039 guberno
969 955 1034 1018 che
1050 951 1081 1018 ci
1102 953 1121 1018 ὲ
1142 961 1243 1032 stato,
1269 953 1510 1039 specialmente
1536 953 1613 1038 qui,
1677 939 1678 1020 l

383 1069 468 1134 etin
485 1068 706 1154 Ingolstadio,
723 1078 759 1134 et
782 1067 973 1149 Monachi0,
999 1077 1033 1135 et
1055 1065 1157 1134 etiam
1180 1066 1216 1133 in
1240 1066 1379 1154 Dilinga
1403 1067 1520 1134 auanti
1547 1071 1615 1136 che
1677 1041 1678 1112 l

384 1205 510 1252 venese
525 1184 548 1249 il
566 1185 604 1250 P.
625 1182 837 1251 Theodorico
861 1185 881 1250 ¹.
902 1181 972 1268 Qui
989 1205 1027 1248 sa
1043 1184 1085 1249 V.
1107 1185 1147 1249 P.
1166 1185 1254 1251 bene
1269 1183 1302 1250 la
1325 1204 1467 1270 persona
1486 1183 1523 1248 di
1551 1187 1614 1250 D.:

384 1298 420 1365 in
436 1299 644 1384 lngolstadio
666 1309 760 1366 tanta
774 1297 962 1365 mutatione
978 1297 1013 1363 di
1029 1297 1160 1378 rettori,
1178 1307 1213 1366 et
1234 1299 1429 1365 finalmente
1452 1320 1523 1364 vno
1549 1303 1616 1367 che

385 1413 472 1480 saria
485 1416 598 1480 buono
615 1412 673 1499 piu
689 1437 749 1500 per
765 1413 919 1480 ministro
935 1424 970 1480 et
986 1435 1056 1480 non
1073 1415 1118 1479 ha
1133 1413 1303 1480 authorita
1318 1417 1329 1448 ¹
1348 1423 1414 1482 eto.
1433 1423 1449 1457 ²
1469 1423 1504 1482 et
1520 1416 1556 1480 la
1573 1414 1617 1479 li·

384 1529 482 1596 berta
497 1528 575 1595 delli
592 1528 699 1596 nostri
716 1527 855 1610 dottori,
875 1529 1019 1596 essendo
1039 1537 1135 1613 parte
1154 1529 1243 1596 della
1263 1527 1448 1597 vniuersita
1470 1539 1556 1596 ete:
1580 1543 1616 1596 et

385 1643 419 1708 in
437 1643 618 1711 Monachio
633 1643 656 1709 il
675 1645 714 1710 P.
740 1644 848 1710 Paulo
869 1645 880 1677 ³
905 1664 1039 1728 sempre
1062 1644 1237 1727 aspirabat
1257 1644 1472 1736 rtalzemanier
1495 1667 1517 1710 a
1542 1667 1614 1710 non

384 1761 490 1827 esser'
513 1770 651 1840 rettore,
674 1773 708 1828 et
729 1781 798 1826 non
819 1762 847 1826 s'
870 1758 1057 1845 applicaua,
1085 1769 1119 1827 et
1141 1758 1177 1824 in
1199 1759 1278 1824 tutti
1298 1759 1321 1824 li
1345 1759 1477 1846 collegij
1505 1759 1612 1827 etiam
1677 1759 1678 1782 ³

385 1885 479 1940 tanta
495 1874 683 1943 mutatione
698 1875 741 1941 de
757 1874 881 1955 lettori,
900 1873 959 1959 poi
979 1873 1081 1942 etiam
1104 1873 1273 1940 mandarsi
1294 1895 1438 1960 persone
1461 1885 1608 1954 tentate,
1677 1933 1678 1978 ,

385 2012 406 2056 o
421 1989 456 2055 di
471 2011 557 2075 poco
572 1989 705 2076 spiritu;
723 2001 757 2056 et
774 1991 875 2056 credo
891 1991 955 2055 che
971 1990 990 2055 ὁ
1005 2011 1073 2055 vna
1089 2011 1175 2074 gran
1191 2010 1294 2057 eausa
1310 2011 1378 2055 non
1399 1993 1503 2058 esser'
1528 1989 1616 2056 stati·
1677 1981 1678 2006 ¹

304 2121 306 2132 ⁴
384 2105 418 2169 in
436 2105 637 2190 probatione
653 2106 685 2170 la
702 2105 869 2190 maggior'
888 2115 983 2189 parte
999 2105 1041 2171 de
1058 2103 1160 2188 quelli
1177 2107 1241 2172 che
1264 2126 1351 2170 sono
1376 2127 1454 2190 qua,
1480 2115 1517 2172 et
1540 2128 1611 2172 non

385 2219 522 2288 hauersi
537 2220 745 2288 essercitado
760 2220 840 2287 nell'
858 2219 1011 2286 oratione
1026 2241 1124 2286 come
1139 2218 1167 2284 si
1183 2231 1347 2305 puoteua;
1367 2230 1401 2287 et
1417 2241 1501 2286 sono
1522 2221 1610 2288 altre

384 2355 499 2414 cause,
517 2357 572 2400 ma
589 2336 702 2419 quella
717 2357 785 2401 non
801 2333 943 2402 lasciard
960 2333 993 2400 di
1009 2333 1094 2414 dire,
1118 2337 1182 2402 che
1198 2333 1244 2399 mi
1261 2355 1341 2419 pare
1361 2357 1382 2400 a
1404 2357 1459 2402 me
1480 2335 1608 2420 princi-

385 2450 472 2534 pale,
490 2452 555 2517 che
570 2449 682 2516 insino
698 2472 765 2534 qua
781 2449 803 2514 il
820 2448 1026 2535 prouinciale
1039 2471 1108 2515 non
1119 2451 1164 2514 ha
1179 2449 1327 2530 visitato,
1342 2450 1487 2517 essendo
1504 2471 1610 2516 oceu-

385 2575 463 2650 pato
480 2563 515 2628 in
531 2566 616 2630 altro
632 2565 645 2597 ⁴
662 2575 744 2646 etc.,
763 2577 797 2632 et
813 2564 1054 2651 specialmente
1073 2566 1233 2632 hauendo
1254 2567 1339 2630 fatta
1366 2575 1459 2630 tanta
1483 2567 1610 2633 absen-
1677 2629 1678 2634 ,

385 2678 443 2760 tia,
463 2677 570 2764 prima
586 2701 646 2764 per
661 2680 693 2744 la
710 2678 989 2766 congregatione,
1006 2678 1098 2764 dipoi
1118 2701 1178 2764 per
1192 2680 1225 2745 la
1240 2677 1410 2758 missione,
1428 2681 1493 2745 che
1511 2679 1608 2764 quasi

385 2793 419 2858 in
436 2795 515 2878 quel
530 2806 645 2879 tempo
660 2793 879 2861 declinorono
895 2794 999 2859 molto
1014 2794 1046 2859 le
1062 2815 1141 2862 cose
1157 2793 1191 2859 di
1212 2803 1333 2878 questa
1352 2794 1540 2880 prouincia.
1568 2797 1609 2860 Et

385 2909 542 2976 uenendo
556 2907 611 2972 alli
631 2907 832 2993 particolari,
851 2907 886 2974 in
904 2918 1016 2994 tempo
1032 2909 1075 2975 de
1097 2910 1200 2975 Mtro.
1225 2907 1389 2993 Dionysio
1413 2911 1424 2943 ⁸
1448 2908 1477 2974 si
1500 2910 1608 2996 piglid

384 3024 505 3108 grand'
524 3023 703 3090 occasione
719 3022 753 3088 in
769 3022 920 3108 Dilinga,
939 3034 974 3090 et
989 3025 1044 3088 all'
1063 3025 1146 3088 hora
1167 3023 1197 3088 si
1224 3044 1367 3108 eorrupe
1394 3025 1555 3090 Conrado
1582 3027 1606 3104 ⁰,

383 3139 516 3205 benehe
533 3138 578 3203 mi
594 3137 717 3204 dicono
733 3136 837 3223 quelli
852 3140 916 3206 che
932 3139 966 3203 lo
982 3159 1213 3224 cognoscono,
1232 3148 1266 3204 et
1282 3159 1368 3204 sono
1383 3136 1462 3204 stati
1477 3160 1543 3204 con
1562 3139 1609 3205 lui

384 3253 418 3318 in
436 3255 554 3334 Roma,
573 3256 637 3321 che
654 3275 788 3340 sempre
803 3252 874 3320 vise
890 3255 922 3318 la
938 3253 1096 3320 simulato
1119 3263 1154 3321 et
1173 3252 1207 3318 di
1229 3253 1316 3320 mala
1341 3264 1446 3332 sorte,
1476 3263 1510 3319 et
1535 3259 1607 3339 par’

436 3450 452 3482 ⁸
491 3453 521 3494 11
538 3441 628 3494 verba
641 3457 722 3512 seqq.
738 3439 767 3494 in
781 3456 873 3510 marg.
887 3438 999 3494 addidit
1012 3439 1081 3494 libr.

437 3594 446 3625 ¹
484 3589 635 3646 Canisius.

434 3681 445 3712 ²
481 3679 590 3734 Rector
606 3677 844 3750 ingolstadiensis
862 3687 924 3733 erat
942 3679 979 3734 P.
1001 3677 1142 3734 Martinus
1154 3677 1351 3747 ,leibenstain
1368 3677 1451 3746 (alias
1471 3678 1608 3735 Leuben·

381 3768 478 3835 stain).
495 3765 570 3821 Vide
584 3784 650 3839 pag.
672 3767 733 3838 167,
751 3777 851 3822 annot.
870 3781 897 3824 2.
917 3766 998 3822 Idem
1016 3765 1123 3822 dehoc
1141 3767 1227 3822 Patre
1236 3767 1381 3838 judicavit
1398 3768 1434 3822 P.
1455 3767 1606 3823 Canisius.

380 3855 456 3910 Vide
470 3855 534 3926 ejus
548 3855 688 3928 epistolas
700 3869 734 3924 25
749 3839 823 3926 Jutii'
836 3855 915 3926 1566,
929 3864 959 3910 et
974 3855 1006 3910 18
1019 3855 1202 3928 Septembris
1217 3857 1285 3925 1567
1297 3855 1394 3912 datas.

435 3947 446 3978 ³
483 3944 634 3999 Hodaeus.
1177 3940 1180 3946 '

434 4037 446 4068 ⁴
482 4035 518 4089 B.
538 4034 641 4089 Petrus
656 4031 803 4104 Canisius,
815 4032 866 4106 qui
878 4032 996 4105 quidem
1010 4031 1039 4087 in
1058 4033 1180 4104 epistola
1199 4032 1248 4087 die
1264 4033 1282 4087 6
1300 4033 1372 4104 Julii
1393 4033 1460 4102 1566
1480 4033 1607 4104 Bargiae

379 4123 448 4177 data
460 4121 540 4176 dolet
552 4122 610 4177 sibi
623 4120 809 4194 provincialis
828 4138 932 4176 munus
945 4121 1133 4176 commissum
1146 4119 1239 4176 fuisse
1252 4121 1338 4177 simul
1352 4139 1419 4176 cum
1432 4119 1528 4176 officio
1538 4139 1609 4177 con·

378 4210 515 4266 eionandi
528 4210 557 4265 in
570 4210 731 4265 cathedrali
743 4217 916 4281 augustana,
932 4209 1019 4278 uude,
1032 4211 1187 4282 quominus
1205 4210 1330 4282 collegia
1349 4213 1497 4282 lustraret,
1515 4210 1608 4283 impe·

380 4299 529 4356 diebatur.
547 4298 621 4354 Vide
635 4299 765 4371 append.
783 4299 839 4353 XI.

432 4390 443 4422 ⁵
479 4388 625 4442 Henricus
640 4387 810 4460 Dionysius,
823 4389 874 4461 qui
887 4404 963 4445 anno
978 4389 1046 4459 1564
1059 4397 1154 4445 rector
1168 4395 1198 4443 et
1211 4405 1312 4444 sacrae
1329 4388 1496 4461 theologiae
1514 4390 1609 4445 lector

376 4475 518 4546 dilingani
531 4476 649 4547 collegii
662 4477 847 4532 renuntiatus
860 4477 929 4534 fuit.
947 4479 1094 4550 Hausau,
1108 4479 1166 4534 loe.
1183 4478 1253 4549 cit.,
1267 4493 1339 4550 pag.
1355 4475 1422 4548 493.
1444 4476 1491 4534 Cf.
1513 4478 1609 4532 Auar-
1677 4493 1678 4516 ³

378 4577 497 4634 colari,
511 4565 565 4621 loc.
580 4567 650 4636 cit.,
665 4565 688 4631 l,
704 4567 781 4622 Dec.
800 4565 853 4637 ΙΙΙ,
868 4584 900 4622 n.
921 4565 987 4624 130.

433 4657 445 4690 Ι
480 4652 663 4724 Swagerius.
