3494 5392
388 554 463 596 ων
710 542 902 597 Pnoouuruu
920 551 1027 598 ruam
1045 551 1221 597 vouuuuus

354 703 422 761 tam
439 693 520 760 boni
535 693 647 762 Patris
662 695 746 761 satis
761 694 835 762 sine
850 692 983 774 litteris,
1002 692 1189 779 unicuique
1207 704 1362 763 uestrum
1378 694 1482 762 debet
1504 713 1581 763 esse

353 819 600 888 commendata.
619 822 672 886 Ac
688 829 867 906 propterea
883 839 961 885 eum
978 819 1020 886 T.
1037 819 1115 885 R.¹²e
1132 840 1202 885 non
1218 820 1308 884 duco
1324 839 1400 887 esse
1415 837 1580 886 necessa-

353 943 441 1009 rium
458 955 496 1010 ut
511 945 760 1027 commendem,
779 942 857 1023 nisi,
877 943 968 1029 quod
985 942 1067 1009 mihi
1084 943 1148 1011 erit
1170 965 1272 1029 quam
1293 941 1524 1028 gratissimum
1540 943 1578 1009 in

353 1069 501 1136 Domino
518 1081 555 1136 ut
570 1069 739 1156 intelligat
754 1092 797 1138 ex
814 1079 1007 1136 nostrorum
1023 1091 1107 1155 erga
1122 1068 1218 1135 illum
1235 1068 1428 1138 reuerentia
1443 1078 1478 1137 et
1493 1071 1578 1135 cha-

353 1193 454 1263 ritate
481 1204 690 1280 quantopere
715 1194 811 1260 illum
835 1215 957 1274 amem,
976 1214 1016 1259 ac
1038 1213 1120 1262 uero
1141 1215 1257 1262 amare
1276 1192 1424 1261 debeant
1447 1190 1576 1258 nostrin

355 1317 455 1406 (819).
475 1320 547 1386 Nec
563 1319 673 1386 solum
689 1318 803 1387 verbis
825 1329 859 1386 et
880 1317 1166 1384 commendatitiis
1186 1317 1320 1398 litteris,
1343 1318 1404 1384 sed
1423 1315 1579 1403 pecuniis

355 1442 505 1528 adeum
532 1442 655 1526 missis,
678 1453 718 1509 ut
738 1442 843 1510 libros
870 1463 985 1511 emere
1011 1453 1138 1529 posset,
1163 1441 1400 1509 Mercurianus
1427 1462 1582 1510 amorem

355 1588 455 1634 suum
483 1567 596 1636 Natali
623 1568 870 1636 demonstravit
890 1569 980 1655 (694,
1004 1567 1094 1653 822).
1117 1565 1260 1635 Socium
1282 1566 1435 1652 insuper,
1453 1565 1511 1651 qui
1532 1565 1583 1631 illi

356 1712 455 1778 opem
472 1693 575 1761 ferret
594 1692 630 1759 in
653 1693 911 1761 meditationum
931 1693 1024 1761 vitae
1044 1691 1173 1760 Christi
1195 1691 1346 1760 editione
1368 1692 1581 1773 adornanda,

356 1838 399 1884 ex
415 1815 537 1902 Belgio
557 1815 667 1886 eidem
688 1817 892 1885 mittendum
915 1817 1048 1885 curavit
1068 1817 1158 1905 (721,
1178 1817 1267 1902 736).
1287 1818 1338 1883 Ex
1359 1818 1465 1883 altera
1485 1827 1582 1902 parte

356 1939 391 2005 in
412 1940 544 2007 Natalis
570 1941 722 2026 epistolis
749 1923 898 2010 emicant
924 1941 1052 2010 solidae
1072 1940 1180 2028 ipsius
1202 1941 1358 2021 virtutes,
1381 1939 1580 2026 praesertim

355 2085 438 2131 vero
453 2064 576 2133 eximia
590 2065 647 2133 illa
663 2066 856 2134 obedientia
872 2076 907 2132 et
923 2065 1115 2134 reverentia
1131 2087 1216 2152 erga
1231 2087 1312 2132 suos
1334 2065 1579 2145 moderatores

357 2210 458 2274 quam
479 2188 515 2257 in
534 2192 652 2258 schola
673 2191 782 2258 sancti
807 2191 988 2260 Societatis
1012 2190 1217 2258 institutoris
1241 2189 1418 2260 didicerat.
1442 2191 1494 2256 Ex
1514 2191 1582 2255 hac

356 2315 509 2400 perfecta
539 2315 809 2402 obtemperantia
844 2315 1018 2383 oriebatur
1048 2315 1106 2382 illa
1135 2315 1239 2382 animi
1274 2313 1508 2402 promptitudo
1539 2316 1584 2381 ad

356 2439 592 2524 amplectenda
608 2438 832 2506 libentissime
847 2436 949 2507 etiam
965 2439 1033 2520 illa,
1050 2461 1137 2526 quae
1150 2450 1269 2506 contra
1284 2439 1391 2525 ipsius
1404 2437 1583 2505 consilium

356 2565 606 2644 statuebantur,
637 2563 729 2649 quod
756 2563 871 2632 evenit
899 2565 935 2631 in
963 2562 1106 2650 negotio
1134 2563 1268 2632 comitis
1295 2564 1339 2632 de
1367 2563 1584 2632 Hellenstein

356 2689 446 2774 (677,
465 2689 543 2770 678,
562 2688 651 2774 684).
669 2688 751 2758 Inde
766 2689 823 2756 illa
839 2699 1003 2776 perpetua
1015 2711 1081 2776 pax
1094 2700 1129 2758 et
1140 2687 1330 2756 consolatio
1346 2689 1499 2774 spirituS,
1514 2711 1583 2775 qua

358 2830 461 2898 saepe
476 2811 512 2877 in
528 2811 598 2878 suis
614 2811 737 2881 litteris
756 2835 793 2880 se
814 2813 881 2880 frui
902 2823 1046 2880 testatur
1067 2815 1156 2902 (695,
1180 2830 1258 2897 704,
1281 2831 1361 2901 709,
1384 2814 1460 2896 716,
1486 2815 1580 2900 etc).

358 2935 475 3003 Animi
491 2937 650 3006 demissio
666 2959 727 3006 seu
743 2939 910 3008 modestia
924 2940 960 3008 in
977 2940 1135 3007 omnibus
1152 2941 1223 3010 lere
1239 2939 1391 3026 epistolis
1410 2940 1582 3028 conspici-

359 3072 427 3144 tur,
441 3083 520 3129 cum
536 3062 732 3131 omnimoda
747 3064 872 3132 fiducia
887 3065 923 3132 in
937 3065 1053 3133 divina
1070 3065 1284 3152 providentia
1304 3076 1340 3132 et
1350 3065 1516 3135 bonitate.
1532 3067 1583 3133 Ex

268 3209 273 3217 ·
358 3186 452 3255 hisce
464 3187 648 3255 virtutibus
664 3199 785 3276 sponte
802 3201 1011 3258 enascuntur
1031 3191 1110 3259 illae
1125 3194 1269 3279 phrases
1288 3192 1585 3277 frequentissimae

357 3311 394 3378 in
406 3312 537 3380 Natalis
553 3314 683 3381 calamo
703 3316 772 3384 «Su
788 3314 904 3382 diuina
922 3317 1005 3384 Mtd.
1025 3317 1072 3382 mi
1093 3328 1171 3385 tene
1192 3318 1367 3385 consolato
1388 3316 1443 3383 sin
1464 3315 1586 3386 merito

282 3478 292 3498 ι
359 3437 501 3505 nissuno
528 3439 614 3506 mio»
641 3440 741 3528 (679).
774 3441 853 3509 «Sia
876 3441 1078 3528 ringratiato
1103 3442 1127 3507 il
1151 3442 1294 3529 Signor,
1320 3453 1355 3508 et
1378 3441 1425 3538 mi
1449 3441 1539 3509 tiene
1563 3441 1588 3508 il

359 3561 487 3651 Signor
502 3565 680 3631 consolato
695 3564 800 3631 molto
821 3565 880 3652 piu
901 3567 967 3634 che
987 3565 1127 3635 merito»
1152 3567 1254 3654 (688).
1274 3565 1416 3634 «Faccia
1433 3567 1476 3634 V.
1495 3567 1535 3634 P.
1552 3575 1588 3632 et

359 3687 406 3753 mi
433 3687 509 3756 dica
528 3688 750 3758 liberamente
774 3693 852 3777 quel
875 3693 940 3758 che
963 3691 986 3756 li
1007 3711 1099 3778 pare3
1123 3693 1249 3778 perche
1264 3692 1378 3776 quello
1393 3690 1537 3778 pigliard
1553 3689 1587 3757 io

358 3834 456 3880 come
472 3835 515 3880 ex
531 3835 589 3881 ore
605 3813 752 3881 Christi»
771 3815 872 3902 (697).
889 3817 1032 3900 «Itaque
1048 3813 1209 3902 quicquid
1225 3814 1306 3881 mihi
1322 3814 1451 3898 euenit,
1467 3815 1510 3881 ad
1522 3815 1588 3882 Dei

359 3939 607 4026 benignitatem
624 3940 753 4007 refero»
773 3940 873 4027 (716).
896 3942 1014 4007 «Bono
1031 3939 1144 4007 animo
1164 3950 1199 4008 et
1219 3940 1309 4008 laeto
1325 3961 1401 4007 sum
1422 3951 1586 4026 acceptu-

359 4084 418 4130 rus
434 4085 496 4150 per
510 4063 641 4131 Christi
657 4063 803 4150 gratiam
819 4064 981 4150 quicquid
1002 4087 1061 4152 per
1078 4075 1112 4133 te
1127 4065 1294 4132 Dominus
1311 4064 1346 4131 in
1361 4085 1416 4131 me
1431 4073 1467 4133 et
1482 4063 1516 4130 in
1533 4087 1591 4134 re-

358 4189 437 4269 bus,
456 4189 499 4257 de
516 4188 641 4273 quibus
653 4211 735 4276 ago,
754 4189 980 4276 disposuerit»
1000 4191 1051 4278 (71
1077 4189 1102 4276 ).

427 4313 502 4381 Has
529 4313 681 4399 aliasque
708 4313 834 4381 solidas
860 4315 993 4382 Natalis
1014 4315 1159 4384 virtutes
1184 4313 1428 4394 consideranti,
1452 4313 1594 4380 minoris

359 4450 454 4508 certe
469 4439 632 4508 momenti
648 4439 857 4508 videbuntur
872 4441 1029 4510 delectus
1044 4441 1212 4523 nonnulli,
1226 4439 1347 4508 aetatis
1363 4438 1594 4527 potiusquam

358 4585 503 4646 morum,
521 4565 565 4632 ab
581 4587 652 4632 uno
669 4565 724 4632 vel
740 4566 846 4633 altero
862 4565 1060 4652 provinciae
1074 4565 1281 4634 Germaniae
1298 4567 1401 4632 Patre
1413 4563 1447 4629 in
1464 4584 1507 4631 eo
1524 4581 1589 4627 no-

357 4689 432 4772 tati,
451 4699 487 4759 et
501 4690 559 4777 qui
576 4691 712 4760 aliunde
729 4689 763 4758 in
780 4691 855 4777 ejus
872 4689 998 4758 ultimis
1014 4691 1167 4779 epistolis
1183 4689 1355 4757 interdum
1369 4684 1593 4776 conspiciun-
