3322 5370
515 485 550 526 20
570 472 744 528 Fsauunan
765 471 833 541 1567
1171 457 1175 466 '
1201 473 1253 544 385
1303 497 1306 503 ·

86 621 222 688 meniche
239 632 272 689 et
286 623 386 704 feste,
404 623 469 692 alle
490 622 581 708 quali
600 643 761 710 vengono
780 623 803 688 li
824 624 980 692 scholari.
1004 627 1040 692 Io
1061 628 1106 692 ho
1127 627 1209 692 dato
1231 625 1287 693 or·

87 737 155 803 dine
168 759 185 803 a
198 740 279 806 Mr0.
303 739 514 807 Lamberto¹
535 741 600 806 che
627 738 720 806 tratti
740 739 829 808 della
853 740 1073 808 translatione
1094 762 1159 807 con
1183 763 1287 808 mon-

88 851 187 938 signor
199 854 228 918 al
243 873 305 919 suo
326 863 440 940 tempo
460 864 495 921 et
518 876 582 921 con
606 853 821 935 commoditai,
847 856 970 940 perche
998 856 1111 940 quello
1136 856 1287 924 tornaria

88 969 136 1052 piri
150 968 222 1035 utile
236 969 300 1035 alla
315 969 540 1056 Compagnia,
559 969 582 1034 il
598 973 662 1038 che
679 971 866 1053 facendosi,
879 971 923 1038 da
934 993 1025 1051 casa,
1041 992 1139 1056 sopra
1154 972 1187 1038 la
1199 982 1287 1038 stra-

87 1083 170 1164 della,
184 1083 210 1150 si
225 1086 413 1170 puotrebbe
430 1085 500 1151 fare
516 1108 562 1151 vn
584 1084 724 1154 transito
739 1085 804 1152 alla
818 1085 946 1168 chiesa,
963 1096 998 1153 et
1013 1107 1082 1152 non
1102 1087 1244 1154 sarebbe
1260 1088 1285 1152 l'

86 1195 304 1266 inconmodita
319 1201 385 1267 che
399 1199 418 1266 ὲ
434 1199 491 1266 alli
507 1199 613 1267 nostri
628 1201 663 1266 d’
680 1203 807 1268 hauere
823 1221 843 1266 a
860 1200 960 1266 uscir'
978 1201 1021 1268 de
1048 1222 1126 1268 casa
1146 1221 1207 1288 per
1222 1222 1286 1268 an-

85 1313 144 1378 dar'
159 1313 217 1380 alla
232 1313 360 1396 chiesa,
377 1325 444 1381 etc.
464 1317 550 1382 Mr0.
574 1315 726 1383 Henrico
746 1317 842 1382 Koch
856 1317 881 1397 ',
903 1317 1174 1398 buscoducense,
1199 1321 1245 1382 m'
1267 1318 1285 1385 ὲ

84 1449 166 1511 parsu
177 1449 238 1495 con
253 1431 431 1516 conseglio
446 1441 481 1497 et
497 1451 616 1517 parere
636 1429 679 1498 de
700 1429 812 1515 questi
833 1431 946 1511 Padri,
969 1432 1144 1498 mandarlo
1165 1454 1185 1499 a
1205 1453 1285 1502 casa

84 1563 144 1608 sua:
158 1545 274 1630 perche
290 1544 383 1631 dipoi
398 1548 462 1613 che
482 1568 594 1614 venne
609 1545 653 1612 da
669 1547 789 1627 Roma,
807 1567 876 1612 non
891 1548 936 1612 ha
956 1557 1153 1614 contentato
1173 1547 1209 1614 in
1230 1547 1286 1613 ni-

85 1677 155 1726 suna
166 1669 269 1746 parte,
287 1670 322 1727 et
337 1661 357 1728 ὲ
373 1661 529 1746 infermo,
549 1663 612 1728 ohe
628 1683 698 1728 non
720 1663 791 1747 puri
814 1661 1018 1749 trauagliare
1042 1662 1138 1748 quasi
1161 1662 1286 1731 nisuna

86 1793 159 1855 cosa,
173 1784 206 1842 et
223 1785 276 1843 sta
296 1775 452 1861 inquieto
474 1775 699 1846 desiderando
721 1777 854 1861 liberta,
877 1787 912 1845 et
938 1771 1198 1845 dimandandola
1219 1799 1284 1845 con

87 1909 155 1972 gran
167 1889 327 1958 instanza.
344 1891 380 1957 lo
396 1893 441 1958 ho
457 1902 600 1978 pensato
615 1894 691 1975 che,
710 1891 811 1961 etiam
827 1913 897 1958 non
912 1888 1165 1980 diman[dan]do
1179 1891 1229 1958 lui
1252 1893 1285 1959 la

85 2001 202 2086 licenza,
218 2006 251 2072 lo
267 2005 485 2074 doueresimo
501 2007 653 2076 mandar'
671 2029 690 2074 a
706 2029 795 2074 casa.
815 2007 920 2074 Insin'
938 2008 1059 2073 adesso
1077 2027 1146 2073 non
1162 2009 1207 2073 ho
1223 2008 1285 2075 de-

86 2119 239 2188 terminato
259 2143 297 2188 se
320 2121 344 2186 li
367 2121 536 2208 scioglerd
558 2122 581 2188 li
600 2122 681 2190 uoti:
709 2122 790 2210 ogni
814 2124 927 2203 modo,
954 2125 1052 2190 uerrai
1076 2144 1096 2191 a
1123 2121 1280 2204 Colonia,

85 2233 154 2300 done
167 2236 207 2301 rni
223 2235 464 2317 detenninard,
482 2249 517 2304 et
537 2237 687 2305 scriuerd
707 2240 773 2305 alla
794 2242 834 2305 Ρ.
858 2240 901 2306 V.
926 2239 951 2303 ll
974 2241 1013 2304 Ρ.
1040 2237 1165 2318 Pietro,
1187 2237 1282 2304 colo·

85 2348 177 2417 niense
187 2351 211 2431 ³,
229 2373 299 2419 non
316 2353 430 2436 quello
446 2351 488 2419 de
506 2353 697 2420 Brunsuich
711 2355 738 2436 ⁴,
756 2353 801 2420 mi
817 2374 915 2439 parse
931 2374 952 2418 a
966 2373 1021 2420 me
1037 2352 1059 2417 l’
1073 2353 1159 2418 altra
1172 2353 1278 2434 uolta,

85 2468 224 2546 passando
239 2487 300 2554 per
315 2467 351 2532 di
368 2489 447 2552 qua,
471 2470 537 2535 che
559 2470 694 2537 doueua
717 2471 821 2538 esser'
847 2468 1007 2536 mandato
1029 2489 1048 2534 a
1072 2469 1194 2548 Roma,
1221 2488 1282 2553 per

86 2585 186 2660 pesa?
199 2582 317 2649 auanti
333 2583 422 2649 nelle
436 2584 569 2666 lettere,
588 2584 733 2652 essendo
748 2605 894 2670 persona
909 2585 952 2650 de
967 2604 1142 2669 speranza.
1161 2584 1240 2649 Non
1255 2584 1278 2649 l’

86 2695 175 2763 hanno
188 2701 272 2765 fatto
289 2697 369 2764 mai:
388 2700 432 2765 ha
448 2698 573 2766 sentito
589 2698 647 2784 qui
664 2697 848 2785 theologia,
866 2699 956 2767 doue
971 2697 995 2764 li
1010 2697 1115 2766 studii
1131 2696 1165 2764 di
1182 2699 1279 2784 quel·

86 2808 192 2878 lasono
205 2812 332 2894 deboli,
350 2825 385 2879 et
397 2835 466 2880 non
478 2813 506 2880 si
520 2817 587 2900 pud
603 2814 689 2882 fidar
704 2814 739 2880 di
754 2813 802 2880 lui
814 2813 850 2879 in
861 2813 1023 2899 prediche
1039 2813 1072 2879 d’
1092 2811 1279 2899 importan-

86 2945 124 2989 za:
138 2929 177 2993 ho
191 2939 331 3014 pensato
347 2927 382 2993 di
399 2929 571 2995 mandarlo
588 2949 648 3014 per
664 2951 710 2996 un
726 2950 818 2995 anno
833 2926 934 3008 odoi,
948 2949 1017 2993 non
1030 2950 1051 2992 a
1062 2929 1181 3008 Roma,
1200 2949 1278 3012 per-

85 3040 203 3108 chinon
218 3043 265 3108 mi
281 3043 418 3110 confido
433 3045 496 3110 che
508 3041 574 3110 stia
585 3045 673 3111 bene
688 3045 732 3126 ld,
747 3065 803 3110 ma
818 3065 838 3108 a
854 3042 982 3128 Parigi,
997 3043 1039 3108 ad
1052 3041 1190 3108 aiutarsi
1202 3043 1277 3110 nel-

83 3151 204 3224 listudii
222 3158 266 3227 de
288 3157 473 3244 theologia,
497 3157 620 3244 perche
643 3159 690 3224 lui
713 3157 840 3225 hauerai
863 3179 924 3243 per
946 3156 1144 3244 prouedersi
1172 3158 1216 3236 ld,
1242 3167 1278 3224 et

82 3273 214 3339 hmenlo
229 3271 335 3340 lascio
349 3294 429 3358 qua,
451 3295 511 3358 per
535 3273 635 3340 alcun
659 3286 784 3359 temp0,
811 3295 871 3359 per
894 3275 1004 3358 saper’
1030 3273 1137 3358 prima
1161 3273 1274 3356 quelle

81 3402 140 3453 cose
153 3389 190 3456 de
206 3387 359 3474 Pariggi.
379 3386 502 3473 Questi
521 3387 622 3454 Padri
637 3409 718 3474 pare
735 3387 813 3456 fano
832 3387 1005 3466 difficolta,
1023 3387 1147 3472 perche
1170 3387 1275 3474 legge

82 3497 222 3583 hebraico,
239 3504 325 3570 etia
341 3503 372 3567 la
389 3501 537 3569 dottrina
551 3502 747 3583 christiana,
765 3514 801 3569 et
817 3508 930 3568 tamen
942 3523 1002 3587 per
1017 3511 1105 3568 tutte
1117 3501 1184 3567 due
1196 3522 1276 3570 cose

83 3617 105 3675 ε’
117 3615 131 3680 ὲ
144 3617 330 3686 sufficienza
347 3635 425 3702 qua.
445 3618 519 3685 Che
535 3621 562 3684 s'
580 3616 683 3684 habbi
699 3618 734 3682 d'
753 3617 916 3684 offender'
931 3617 952 3682 l'
971 3615 1191 3684 arciuescouo
1206 3637 1276 3682 non

86 3777 266 3795 ..ξ-

124 3875 130 3906 ¹
161 3875 245 3940 huet,
259 3883 356 3930 rector
368 3873 501 3946 collegii.

120 3965 128 3994 ⁵
159 3963 190 4018 ln
202 3965 333 4020 examine
346 3963 410 4036 ipse
423 3965 540 4037 scripsit
553 3965 650 4021 Hoch.
667 3961 718 4020 Cf.
735 3963 833 4036 Epist.
848 3962 965 4033 Natat„
978 3963 1017 4030 11,
1032 3975 1094 4033 555.

119 4049 128 4080 ³
158 4051 255 4109 Petrus
268 4053 431 4124 Michaelis,
444 4052 481 4109 de
492 4071 550 4126 quo
563 4053 701 4126 frequens
715 4053 748 4108 tit
765 4052 876 4108 mentio
888 4051 965 4124 apud
977 4053 1123 4124 Hnrrsrrrt,
1140 4054 1198 4109 loc.
1215 4053 1270 4109 cit.

81 4131 229 4210 bratelogo
242 4141 409 4214 provinciae
421 4142 517 4198 Rheni
529 4142 597 4198 anni
614 4141 682 4211 1566
700 4144 772 4197 haec
785 4141 822 4196 de
840 4141 890 4196 illo
908 4141 1077 4212 Mogontiae
1094 4158 1274 4197 commoran-

80 4227 107 4275 te:
118 4225 226 4285 «Petrus
237 4230 425 4301 coloniensis,
438 4231 585 4303 professor
602 4230 758 4287 hebraicae
771 4231 901 4302 linguae,
915 4237 945 4284 et
958 4229 1072 4286 auditor
1088 4230 1268 4302 theologiae.

79 4307 229 4372 Diaconos»
242 4319 275 4374 In
288 4318 394 4374 eodem
406 4321 540 4390 catalogo
553 4319 622 4376 anni
641 4317 722 4388 1568,
740 4321 814 4375 haec
830 4318 867 4373 de
885 4317 950 4391 ipso
967 4319 1122 4374 habentur:
1142 4319 1196 4375 ((Ρ.
1218 4319 1271 4374 Pe-

79 4403 122 4454 hur
133 4404 281 4477 Michaelis,
295 4407 415 4463 Parisiis
428 4407 515 4464 rediit
533 4409 705 4464 Lovaniurn:
720 4409 751 4463 in
768 4407 833 4462 dies
851 4414 1023 4480 expectatur
1040 4415 1073 4464 vt
1089 4408 1270 4479 Mogontiam

79 4489 163 4560 teniat,
176 4492 268 4568 ibique
281 4495 450 4566 theologiae
463 4497 596 4552 studebit
610 4505 641 4552 et
652 4496 909 4552 concionabitur.»

117 4581 126 4612 ⁴
156 4581 253 4639 Petrus
269 4585 379 4655 Haupt,
393 4585 443 4656 qui
462 4585 656 4641 Brunsvicum
675 4585 782 4642 missus
795 4585 903 4642 iuerat.
922 4584 998 4640 Vide
1015 4585 1106 4657 epist.
1121 4585 1184 4658 456,
1198 4605 1227 4643 n.
1242 4599 1269 4657 73

82 4671 103 4715 et
112 4669 221 4740 append.
233 4671 378 4730 xxvtu.

164 4763 242 4812 Erur.
256 4769 286 4814 P.
302 4768 404 4822 Natant,
418 4781 478 4815 τοι.
495 4769 541 4818 111.
1108 4774 1137 4818 25
