3318 5376
391 465 444 522 ²7⁰
779 451 883 506 Errsn.
903 450 936 504 P.
958 449 1159 520 Neues-437

353 606 378 674 li
396 627 415 692 3
434 604 534 674 Padri
551 603 669 672 uenuti
685 605 729 670 da
745 605 864 684 Roma,
881 613 917 671 et
931 601 988 688 viij
1006 613 1022 646 ²
1043 603 1176 685 fratelli3
1194 615 1228 672 et
1243 607 1391 672 nolendo
1406 628 1427 672 a
1443 606 1479 671 la
1492 615 1583 672 mat-

355 721 427 789 tina
447 719 572 812 partire
592 718 672 786 tutti
692 741 751 804 per
773 717 967 798 Monachio,
989 718 1078 785 doue
1098 729 1195 786 staua
1223 723 1324 788 Mtro.
1351 721 1507 800 Canisio‚
1535 721 1582 786 lui

355 837 488 924 gionse‚
506 845 540 903 et
556 836 576 901 l’
593 836 679 902 altra
694 833 835 901 mattina
850 835 1065 900 mandammo
1082 835 1183 902 Carlo
1203 836 1328 904 Ursino
1348 838 1356 872 ¹
1373 848 1408 904 et
1428 836 1580 904 Matthia

354 951 638 1039 adingolstadio,
660 971 727 1016 con
747 949 865 1018 ordine
885 952 949 1018 che
968 960 1196 1036 aspettasscro
1215 951 1248 1018 la
1267 952 1335 1019 mia
1355 964 1501 1020 uenuta.
1521 954 1578 1021 Sei

356 1067 490 1136 mandai
502 1067 680 1153 aDilinga,
690 1067 814 1152 perche
827 1064 872 1130 mi
885 1075 1111 1151 aspettassero
1122 1069 1241 1134 anche:
1252 1067 1376 1137 ritenni
1388 1090 1458 1153 qua
1470 1068 1496 1134 il
1510 1069 1577 1134 fra-

355 1185 436 1251 tello
452 1182 617 1251 Giacomo
636 1182 662 1262 ¹,
685 1191 720 1247 et
740 1179 875 1248 mandai
895 1179 918 1246 il
940 1183 981 1247 P.
1006 1180 1171 1248 Ximenez
1194 1205 1213 1249 a
1239 1183 1446 1250 cominciare
1470 1183 1579 1249 infor-

356 1298 457 1365 marsi
474 1309 508 1364 et
523 1295 700 1364 instruersi
716 1297 771 1366 nel
788 1295 899 1362 officio
916 1295 950 1362 di
966 1307 1112 1364 maestro
1128 1299 1171 1364 de
1196 1298 1314 1384 nouitij
1338 1321 1357 1364 a
1379 1299 1576 1366 Monachio.

356 1417 547 1482 Restarono
561 1411 663 1479 etiam
680 1411 738 1498 qui
753 1410 927 1480 Giouanni
946 1410 1090 1498 inglese,
1107 1435 1168 1498 per
1187 1414 1328 1500 leggere
1354 1413 1378 1479 il
1398 1435 1519 1500 greco,
1547 1424 1580 1481 et

350 1529 481 1618 Jacobo
497 1527 661 1613 spirense,
679 1528 853 1612 pensando
869 1529 932 1593 che
952 1536 1089 1612 potesse
1112 1549 1225 1596 essere
1244 1539 1389 1596 maestro
1410 1529 1493 1596 dell'
1515 1531 1581 1594 hu-

355 1642 493 1712 manita.
512 1640 667 1710 Chiamai
680 1642 725 1708 da
742 1639 922 1708 Monachio
938 1653 1073 1727 quattro
1090 1642 1207 1728 nouitij
1226 1645 1278 1708 col
1293 1644 1424 1710 fratello
1447 1642 1532 1710 Vito
1552 1645 1576 1722 ¹,

354 1769 391 1828 et
406 1758 430 1824 li
446 1757 611 1824 mandarib
631 1779 651 1824 a
667 1758 775 1823 Roma
790 1777 855 1822 con
871 1759 973 1824 Mtro.
998 1755 1101 1838 Salio,
1120 1779 1288 1844 pragense
1303 1759 1329 1840 ⁴,
1348 1769 1382 1826 et
1397 1779 1465 1824 con
1481 1758 1506 1823 li
1524 1757 1578 1823 doi

355 1875 444 1955 altri,
467 1896 535 1940 vno
555 1881 692 1941 menato
712 1871 756 1938 da
775 1893 829 1938 me
849 1871 884 1937 di
912 1873 1041 1958 Praga,
1059 1882 1094 1939 et
1120 1875 1141 1939 l'
1169 1874 1255 1940 altro
1279 1875 1322 1940 da
1342 1873 1491 1956 Vienna,
1514 1875 1575 1939 che

357 1992 458 2059 meno
478 2010 557 2056 seco
578 1988 600 2052 il
621 1989 662 2054 P.
687 1989 816 2071 Lanoy,
839 1986 863 2051 il
885 1987 985 2070 quale
1006 2009 1117 2054 uenne
1137 1987 1160 2053 il
1180 1999 1301 2073 quarto
1321 1987 1442 2076 giorno
1464 1991 1521 2055 ch'
1543 1988 1575 2052 io

357 2105 480 2193 gionsi.
504 2103 548 2171 Di
568 2112 688 2189 questa
711 2101 870 2168 missione
891 2103 936 2167 ho
958 2101 1077 2168 scritto
1096 2124 1156 2188 per
1183 2125 1251 2170 una
1273 2105 1393 2171 lettera
1414 2106 1482 2170 che
1506 2104 1574 2168 loro

358 2231 512 2307 portano‚
531 2229 565 2284 et
581 2239 624 2284 ne
640 2215 790 2284 scriuero
805 2215 840 2281 in
856 2225 978 2300 questo
993 2219 1152 2303 pachetto
1166 2239 1233 2284 con
1249 2220 1309 2284 un'
1329 2219 1413 2285 altra
1433 2241 1455 2284 a
1483 2225 1575 2304 parte

356 2336 470 2422 quello
488 2337 552 2401 che
568 2332 601 2398 di
618 2332 676 2418 piri
693 2351 843 2398 occorre.
862 2330 933 2416 Qui
949 2332 1072 2415 Padre,
1090 2332 1119 2398 si
1139 2333 1158 2400 ἑ
1174 2334 1259 2399 fatto
1274 2334 1296 2398 il
1312 2333 1499 2401 medesimo
1515 2334 1575 2399 che

358 2450 451 2537 negli
467 2449 543 2516 altri
558 2446 691 2534 collegij
715 2457 740 2512 c:
760 2445 834 2512 fatti
850 2445 1021 2529 essamini,
1044 2447 1168 2515 sentite
1187 2447 1390 2516 confessioni
1409 2445 1572 2534 generali,

356 2575 393 2634 et
407 2564 554 2631 rinouati
568 2562 592 2627 li
607 2561 690 2642 voti,
714 2573 749 2629 et
769 2560 916 2646 risposto
943 2561 999 2628 alli
1019 2562 1112 2648 dubij
1134 2565 1198 2630 che
1220 2585 1305 2629 sono
1328 2563 1471 2629 occorsi.
1498 2562 1536 2630 Si
1556 2562 1574 2626 ὲ

357 2691 454 2767 posto
471 2700 530 2765 per
545 2686 670 2745 rettore
685 2675 709 2742 il
726 2679 765 2744 P.
785 2677 915 2762 Lanoy,
934 2686 968 2744 et
980 2678 1242 2764 pretendendosi
1253 2679 1297 2743 de
1312 2677 1503 2744 introdurlo
1515 2699 1572 2742 an-

354 2817 436 2862 cora
451 2795 526 2861 solo
542 2795 738 2860 confessore
754 2791 841 2859 delle
859 2811 877 2875 3
895 2812 1039 2877 persone
1055 2795 1079 2872 ⁵,
1097 2793 1212 2860 auanti
1228 2793 1262 2859 di
1278 2794 1388 2879 parlar
1401 2793 1435 2858 di
1453 2801 1571 2878 questo

356 2933 377 2977 a
393 2909 545 2991 nissuno,
563 2907 610 2972 mi
626 2907 803 2992 parlarono
818 2905 853 2972 di
869 2907 915 2972 tal
931 2907 1031 2973 modo
1043 2917 1077 2973 et
1092 2907 1116 2973 il
1128 2907 1384 2994 maggiordomo
1395 2907 1571 2995 maggiore

357 3025 391 3092 di
407 3023 500 3091 dette
514 3022 530 3066 ⁶
545 3042 689 3109 persone
704 3030 719 3063 ⁶
739 3021 783 3086 da
798 3031 894 3107 parte
909 3021 982 3088 loro
998 3021 1202 3089 claramente
1217 3033 1252 3091 et
1267 3044 1341 3102 sua,
1356 3033 1390 3090 et
1405 3022 1570 3089 cancella·

357 3139 409 3207 rio
435 3139 523 3207 dello
550 3148 651 3218 stato,
680 3147 716 3202 et
742 3135 766 3202 il
786 3137 840 3204 Sr.
863 3136 963 3205 Sotto
984 3135 996 3179 s
1019 3135 1132 3219 etiam,
1154 3159 1251 3206 come
1271 3141 1299 3204 s'
1321 3138 1508 3206 intendeua
1532 3136 1572 3201 da

357 3263 452 3341 parte
471 3255 544 3320 loro
563 3262 598 3320 et
618 3273 692 3331 sua,
711 3253 774 3317 che
794 3250 840 3316 mi
855 3250 1054 3319 determinai
1073 3273 1138 3319 con
1154 3252 1296 3321 consilio
1315 3253 1351 3318 di
1374 3252 1487 3338 questi
1509 3253 1572 3319 Pa·

355 3369 421 3450 dri,
438 3370 502 3436 che
517 3389 587 3434 non
601 3388 659 3433 era
679 3365 918 3449 conueniente,
936 3387 1065 3454 urgere
1089 3367 1318 3434 uehementius
1338 3369 1451 3454 quello
1467 3387 1570 3453 nego·

356 3485 422 3567 cio;
441 3494 475 3551 et
490 3483 560 3549 cosi
577 3483 613 3546 fu
633 3483 665 3547 la
684 3481 902 3548 conclusione
922 3491 1037 3548 nostra
1056 3483 1120 3550 che
1142 3481 1202 3547 io⁸
1217 3482 1351 3549 andassi
1373 3505 1392 3548 a
1408 3483 1568 3568 parlarea

355 3601 388 3666 la
403 3599 509 3685 prima
522 3600 547 3679 ⁸,
565 3607 600 3664 et
621 3597 653 3661 le
675 3595 798 3663 dicessi
821 3595 1050 3664 chiaramonte
1064 3599 1128 3665 che
1147 3600 1337 3666 haueuamo
1354 3608 1498 3685 pensato
1523 3596 1570 3661 sar

357 3743 568 3760 Μ

409 3840 425 3873 ⁸
452 3824 646 3883 Emendatum
659 3841 676 3879 a
688 3824 729 3878 N.
746 3841 783 3878 ex
796 3823 932 3894 vij.-b7
945 3826 1035 3881 verba
1048 3842 1129 3898 seqq.
1143 3825 1254 3881 addidit
1266 3827 1335 3884 libr.
1353 3826 1383 3882 iu
1396 3838 1537 3900 marg-c
1550 3838 1564 3878 2

356 3917 447 3972 verbe
459 3933 544 3987 seqq.
561 3912 672 3969 eddidit
685 3911 750 3968 libr.
764 3929 852 3985 supra
862 3930 942 3968 vers.
951 3913 998 3957 —d
1009 3915 1168 3987 Archetyp.
1179 3917 1268 3971 habet
1280 3917 1328 3970 ds
1343 3915 1421 3988 quod
1432 3916 1567 3988 interpre·

357 4005 411 4061 tati
428 4020 529 4060 sumus
546 4004 623 4058 detto
640 4001 688 4057 hic
709 4009 740 4056 et
761 4000 846 4057 alias.
856 4013 901 4045 -θ
913 4003 930 4056 6
944 4004 1033 4058 verba
1046 4021 1130 4076 seqq.
1148 4004 1178 4059 in
1191 4021 1285 4075 marg.
1302 4004 1414 4060 addidit
1426 4004 1567 4073 liba-sq

355 4095 447 4150 verba
459 4110 541 4165 seqq.
555 4108 640 4164 supra
654 4108 735 4147 vers.
753 4090 864 4148 addidit
877 4091 1005 4147 libre-t
1031 4091 1170 4165 Sequitur
1183 4093 1207 4148 li
1217 4094 1415 4151 obliteratum.

412 4303 421 4337 ¹
458 4300 504 4355 De
516 4299 571 4354 hoc
583 4297 672 4352 fratre
684 4296 727 4352 cf.
744 4296 945 4362 Saccumum
958 4297 1015 4352 loc.
1028 4297 1098 4368 cit.,
1111 4298 1165 4354 lib.
1184 4299 1294 4370 V11,n.
1312 4313 1356 4370 19.

408 4393 420 4424 ¹
458 4388 585 4460 Jacobus
598 4386 771 4458 genuensis.
789 4385 865 4440 Vide
878 4385 964 4458 epist.
978 4398 1042 4456 425.

409 4477 421 4511 ³
458 4477 544 4532 Vltus
557 4475 658 4531 Liner.
676 4474 752 4530 Vide
764 4473 829 4546 ejus
842 4491 965 4530 examen
979 4475 1009 4530 in
1023 4475 1124 4547 Epist.
1140 4476 1263 4545 Natal„
1277 4477 1315 4550 11,
1330 4476 1396 4550 589.

411 4568 424 4600 ⁴
460 4565 611 4620 Nicoleus.
628 4563 699 4636 Ejus
712 4580 836 4618 examen
849 4571 894 4619 est
907 4563 998 4635 ibid.‚
1011 4581 1077 4636 pag.
1091 4563 1158 4634 576.

410 4655 422 4690 ³
458 4653 589 4724 Reginae
601 4670 647 4708 sc.
663 4651 741 4707 filiae
752 4651 927 4708 Ferdinandi
941 4652 1106 4710 Icaesaris.
1267 4653 1280 4689 ⁸
1316 4655 1501 4728 Megdelena.
