3318 5376
532 480 565 523 12
586 467 771 524 Drcnunnrs
795 468 864 537 1566
1220 466 1272 539 335

100 620 272 709 Herbipoli,
290 641 355 687 con
370 619 495 707 grandi
510 619 655 706 guardia
669 629 705 688 et
725 619 919 706 diligenza3
938 630 973 689 et
989 621 1127 706 quando
1144 641 1222 690 esce
1246 623 1311 689 alla

102 739 172 819 cita,
188 758 268 803 vano
283 756 350 802 con
366 735 415 802 lui
431 733 528 802 molti
543 733 676 818 armati,
694 736 826 802 benene
848 736 895 802 mi
916 735 1038 804 diceua
1053 735 1076 802 il
1092 737 1307 820 cancellario,

102 855 157 922 che
169 851 252 939 dipoi
267 851 356 918 della
371 849 476 933 dieta,
495 859 530 918 et
544 849 658 916 bando
669 850 748 918 dell’
766 849 908 936 imperio
921 853 1007 918 fatto
1023 850 1059 918 in
1071 852 1197 937 quella,
1211 862 1309 921 stano

102 967 212 1050 securi,
227 967 282 1054 piir
296 968 362 1035 che
378 965 415 1033 in
430 967 609 1054 Augusta,
627 965 716 1032 nella
736 964 824 1047 cita,
842 975 907 1034 etc.
928 967 976 1034 La
998 945 1066 1033 cita
1081 977 1116 1034 et
1137 968 1264 1035 ducato
1289 971 1309 1036 e

104 1083 194 1150 molto
207 1092 351 1162 corrot0,
370 1086 443 1147 lum
460 1082 499 1147 in
507 1079 596 1167 fide,
613 1083 686 1146 tum
703 1081 742 1146 in
762 1081 899 1147 licentia
915 1103 1076 1148 morum:
1096 1103 1180 1149 sono
1202 1083 1310 1151 molto

104 1197 261 1279 licentiosi,
279 1207 313 1265 et
329 1196 365 1262 di
383 1205 504 1264 natura
521 1197 608 1264 forte
624 1204 659 1264 et
674 1195 818 1282 grande,
837 1206 872 1263 et
892 1197 964 1264 cosi
979 1195 1009 1263 si
1026 1207 1116 1264 teme
1131 1197 1307 1282 difficoltai;

102 1324 130 1380 et
144 1315 336 1380 nominatim
353 1312 535 1399 ilcapitolo
550 1312 657 1378 molto
670 1310 777 1380 libero
790 1321 825 1378 et
840 1315 905 1380 che
920 1314 965 1379 ha
977 1311 1138 1399 bisognio
1149 1312 1184 1378 di
1198 1315 1305 1382 refor-

102 1429 232 1496 matione
252 1427 340 1496 assai
356 1431 377 1495 ¹.
405 1427 447 1497 Li
472 1425 577 1494 vicini
603 1449 689 1494 sono
716 1425 814 1512 quasi
835 1427 916 1494 tutti
938 1403 1081 1496 heretici
1105 1438 1139 1496 et
1163 1429 1306 1516 potenti:

101 1545 186 1610 credo
205 1546 266 1611 che
285 1566 357 1611 non
378 1541 483 1610 habbi
503 1543 591 1610 altro
603 1551 620 1585 ⁸
638 1540 792 1629 principe
808 1541 920 1610 vicino
935 1543 1116 1624 catholico,
1134 1565 1172 1612 se
1195 1566 1266 1611 non
1282 1546 1305 1610 l’

103 1659 215 1726 elettor’
233 1659 449 1746 maguntino.
468 1660 519 1726 La
534 1657 661 1725 facolta
672 1657 727 1725 del
739 1677 889 1724 vescouo
902 1668 937 1726 et
948 1657 1095 1744 capitolo
1106 1659 1139 1726 al
1151 1669 1309 1745 presente

101 1775 214 1859 epoca,
232 1795 290 1861 per
306 1795 413 1842 causa
428 1775 492 1841 che
508 1773 597 1842 nelle
608 1793 735 1858 guerre
747 1782 882 1859 passate
894 1773 950 1840 del
960 1775 1138 1842 marchese
1149 1774 1183 1840 di
1198 1777 1308 1842 Bran·
1420 1776 1423 1784 ⁴

103 1890 273 1977 damburg¹
292 1889 399 1958 lascid
415 1887 604 1956 indebitata
619 1887 652 1954 la
667 1887 782 1956 chiesa
798 1887 833 1954 in
854 1897 1008 1956 trecento
1025 1888 1115 1956 mille
1139 1889 1251 1956 fiorini
1274 1901 1309 1958 et

103 2005 148 2090 pili
161 2006 181 2070 il
196 2027 344 2075 vescouo
360 2015 511 2092 passato,
529 2014 565 2070 et
580 2003 741 2082 debbono
757 2006 906 2071 anchora
922 2005 954 2071 la
969 2004 1138 2091 maggior'
1152 2014 1260 2091 parte,
1275 2017 1309 2076 et

103 2141 216 2206 pagano
232 2121 354 2208 grand’
374 2119 549 2203 interessi,
567 2129 602 2188 et
629 2121 744 2187 hanno
765 2118 926 2186 sminuita
948 2119 981 2185 la
1005 2119 1138 2188 rendita
1158 2121 1309 2206 grande·

102 2247 194 2304 mente
208 2259 266 2324 per
281 2238 314 2304 le
330 2235 466 2304 miserie
481 2234 516 2302 di
532 2234 643 2322 questi
661 2233 777 2321 tempi,
795 2249 829 2303 et
845 2233 1061 2321 grossissime
1076 2257 1193 2322 spesse
1209 2237 1302 2305 ordi-

101 2351 174 2418 narie
192 2373 249 2438 per
269 2353 302 2419 le
326 2350 574 2419 circonstancie
597 2349 677 2418 delli
701 2349 836 2417 nemici.
857 2352 906 2418 Le
926 2349 1155 2432 conclusioni,
1177 2352 1301 2434 Padre,

101 2465 171 2532 dalle
183 2468 351 2536 comoditai
368 2476 403 2536 et
417 2465 579 2534 difficolta
599 2467 631 2532 le
655 2466 727 2532 fara
747 2466 780 2532 la
801 2468 840 2532 P.
857 2467 898 2533 V.
916 2467 1021 2533 molto
1036 2466 1162 2554 meglio
1183 2466 1217 2533 di
1234 2489 1302 2550 me;

102 2581 209 2649 benche
224 2584 255 2650 le
270 2582 340 2650 mie
355 2581 384 2649 si
400 2590 568 2670 puotrano
584 2580 812 2650 conietturare
824 2582 858 2648 di
870 2581 984 2665 quello
996 2583 1060 2648 che
1073 2590 1163 2650 resta
1180 2605 1200 2649 a
1215 2583 1300 2652 dire.

103 2697 155 2762 Noi
168 2698 286 2766 fusimo
307 2698 414 2765 molto
433 2699 502 2766 ben
522 2695 683 2764 riceuutti
704 2695 760 2762 dal
779 2717 939 2776 vescouo,
966 2695 989 2762 il
1006 2697 1107 2782 quale
1126 2697 1248 2766 rimese
1272 2699 1304 2766 la

103 2813 273 2884 saltatione
285 2814 376 2882 della
387 2812 589 2880 fundatione
601 2812 633 2878 al
645 2809 858 2892 cancellario,
877 2813 941 2880 che
955 2812 989 2878 fa
1003 2812 1085 2898 ogni
1096 2835 1189 2894 cosa,
1203 2824 1238 2881 et
1250 2814 1303 2882 cib

103 2927 152 2994 che
164 2928 207 2994 lui
223 2929 271 3012 fa,
290 2929 445 3016 approba
466 2927 489 2993 il
511 2947 672 2996 vescou0.
691 2926 768 2992 Co'l
784 2925 986 2993 cancellario
1010 2927 1171 2995 hebbimo
1193 2931 1304 3016 grand

103 3039 239 3110 difficolta
254 3046 287 3112 al
303 3042 483 3130 principio,
501 3063 562 3129 per
582 3062 702 3122 causa,
721 3061 818 3108 come
838 3039 872 3106 io
887 3043 1003 3122 credo,
1026 3044 1091 3111 che
1112 3043 1178 3110 mai
1198 3065 1302 3112 erano

102 3157 165 3222 stati
178 3159 346 3226 informati
361 3159 590 3226 chiaramonte
605 3157 661 3225 del
676 3157 777 3224 modo
797 3157 841 3224 de
862 3157 995 3223 fundar’
1013 3157 1162 3248 collegij,
1181 3169 1215 3227 et
1231 3162 1302 3227 for-

102 3273 174 3339 mula
186 3285 217 3340 et
229 3275 337 3342 modo
349 3275 384 3341 d'
400 3272 610 3359 obligatione
625 3272 668 3340 de
690 3271 860 3340 fundatori
881 3283 915 3340 et
938 3282 1076 3355 nostra3
1102 3283 1137 3340 et
1157 3275 1302 3361 special-

101 3399 194 3456 rnente
208 3392 281 3460 fece
302 3410 436 3458 summa
455 3388 632 3468 difficolta,
652 3387 789 3474 quando
809 3387 898 3454 senti
917 3386 941 3452 il
962 3387 1164 3455 cancellario
1184 3391 1249 3457 che
1270 3393 1300 3457 s’

102 3501 211 3572 haueua
225 3507 268 3573 da
285 3508 358 3574 fare
374 3506 528 3572 almarico
543 3503 575 3570 la
591 3501 790 3572 fundatione
807 3523 868 3588 per
883 3502 1082 3571 alimentare
1097 3515 1233 3570 sesanta
1256 3506 1299 3572 de

103 3619 198 3702 nostri,
215 3621 237 3687 il
247 3626 313 3691 che
325 3621 363 3690 fu
375 3619 567 3689 necessario
577 3619 651 3688 dire
663 3617 903 3700 chiaramonte,
918 3620 1043 3705 perche
1053 3619 1126 3686 loro
1138 3619 1301 3708 vogliono

102 3732 205 3803 hauere
221 3737 297 3805 tutti
313 3737 337 3803 li
352 3734 466 3806 lettori
481 3738 546 3803 che
560 3737 675 3801 hanno
691 3757 711 3802 a
726 3737 831 3801 esser’
844 3733 880 3801 in
893 3756 958 3800 una
973 3733 1158 3802 vniuersith
1171 3746 1298 3817 nostra,

104 3859 131 3913 et
143 3848 162 3915 il
174 3853 304 3924 decreto
320 3854 409 3922 della
424 3850 692 3938 congregatione
712 3849 741 3916 si
762 3848 894 3918 rimette
910 3851 965 3916 all’
983 3849 1100 3920 ordine
1121 3852 1164 3918 de
1184 3861 1301 3919 nostro

107 3987 292 4008 ᾖ..

146 4065 160 4098 ²
183 4071 197 4112 2
209 4060 295 4116 verba
307 4076 394 4132 seqq.
412 4057 442 4113 in
454 4055 585 4127 margine
597 4053 709 4110 addidit
721 4054 791 4110 libr.

145 4233 152 4266 ¹
183 4235 229 4292 cl.
243 4239 511 4307 Bnauusrssncrn,
525 4235 583 4292 loc.
600 4233 671 4305 cit,
684 4233 738 4304 111,
752 4246 820 4304 422.

144 4323 153 4356 ¹
182 4325 244 4398 lpse
255 4327 411 4401 episcopus
427 4323 642 4397 herbipolensis
660 4321 697 4378 de
714 4324 769 4378 hoc
785 4323 865 4378 bello
881 4323 955 4380 haec
972 4322 1090 4396 scripsit
1107 4326 1144 4380 B.
1167 4323 1297 4398 Canisio,

104 4405 182 4484 tlhji
199 4415 269 4485 1561:
289 4417 397 4474 erebus
416 4423 447 4472 et
463 4413 569 4487 opibus
587 4411 695 4470 nostris
712 4413 791 4468 bello
809 4411 960 4485 superiore
978 4420 1038 4468 tarn
1055 4413 1182 4470 attritis»
1200 4431 1246 4470 sc.
1268 4413 1298 4471 in

104 4497 258 4576 «belloquod
271 4507 412 4563 Albertus
425 4501 606 4571 Alcibiades,
618 4501 746 4558 marchio
758 4499 1047 4572 brandenburgensis
1060 4518 1090 4558 a.
1107 4515 1176 4574 1552
1187 4511 1218 4560 et
1229 4503 1299 4574 1553

106 4595 186 4645 contra
201 4593 347 4668 episcopos
365 4601 396 4650 et
412 4593 484 4649 alios
502 4590 617 4664 imperil
635 4590 752 4647 ordines
770 4588 972 4647 crudelissime
988 4600 1139 4662 gesserat»
1157 4593 1301 4650 Brennus·

108 4683 219 4752 umora,
230 4684 285 4740 loc.
303 4682 373 4748 cit„
387 4681 441 4753 111,
457 4693 519 4751 127.
