3318 5376
412 471 466 528 332
797 473 901 528 Enisa.
921 471 955 526 P.
977 447 1181 540 Ninon-456

371 647 441 692 vno
456 624 491 690 di
506 628 615 710 saper’
641 645 687 690 un
708 645 796 710 poco
815 623 851 689 di
871 622 1044 690 dialettica
1060 644 1120 710 per
1141 621 1288 692 aiutarse
1309 623 1397 689 nella
1417 623 1600 704 rhetorica,

374 741 395 805 l'
415 741 502 807 altro
517 739 553 803 di
569 761 667 824 saper
684 759 789 826 greco
808 741 816 773 ¹
838 747 866 806 ².

439 874 473 938 4.
521 853 558 923 Si
574 856 594 921 e
609 853 806 923 dechiarato
827 876 873 920 un
894 873 981 940 poco
1008 853 1089 939 quel
1108 854 1210 920 modo
1236 853 1325 920 della
1344 853 1600 922 contributione

371 971 438 1038 alla
453 991 531 1038 casa
547 971 591 1037 de
606 969 726 1055 nouitij
744 970 770 1050 ¹,
793 981 828 1037 et
845 968 1019 1055 rispostosi
1039 967 1104 1034 alle
1130 988 1210 1034 cose
1229 971 1294 1036 che
1314 971 1360 1034 m'
1389 971 1508 1035 hanno
1524 989 1599 1054 pro-

373 1096 472 1175 posto
489 1086 513 1151 il
530 1087 640 1154 Padre
656 1083 865 1172 prouinciale
881 1095 915 1154 et
931 1081 954 1149 il
971 1085 1083 1152 Padre
1096 1094 1231 1152 rettore.
1251 1085 1316 1151 Del
1329 1092 1419 1150 tutto
1431 1105 1556 1152 sarano
1570 1085 1599 1152 le

371 1202 470 1289 copie
486 1223 551 1268 con
568 1211 700 1285 questa.
721 1203 788 1268 Per
803 1199 934 1280 ultimo,
949 1199 1036 1268 delle
1048 1220 1127 1267 cose
1139 1199 1183 1266 de
1194 1197 1331 1285 Dilinga
1345 1199 1421 1265 diro
1436 1201 1471 1266 la
1486 1220 1600 1268 neces·

372 1316 438 1384 sita
453 1316 489 1382 di
505 1317 584 1401 quel
600 1315 745 1403 collegio
759 1317 803 1384 de
815 1315 873 1382 doi
885 1312 1087 1402 philosophi,
1101 1315 1125 1380 l'
1146 1335 1216 1382 uno
1229 1313 1263 1379 in
1280 1315 1354 1381 loco
1366 1314 1401 1380 di
1416 1317 1520 1382 Mtro.
1535 1317 1600 1382 Ge·

373 1432 472 1498 rardo
489 1430 638 1499 Pastelio
654 1432 679 1512 ³.
697 1429 722 1496 il
737 1432 836 1516 quale
852 1451 913 1516 per
935 1429 1104 1498 necessita
1114 1439 1266 1497 extrema
1278 1429 1384 1515 piglid
1396 1429 1421 1496 il
1445 1451 1547 1497 corso
1562 1431 1599 1498 de

373 1549 473 1616 Mtro.
493 1545 660 1614 Giacomo
680 1545 875 1626 Valentino,
900 1555 936 1612 et
962 1546 985 1610 l’
1003 1547 1048 1611 ho
1075 1553 1209 1612 trouato
1224 1545 1345 1614 adesso
1366 1548 1432 1614 che
1458 1569 1503 1612 va
1521 1545 1599 1631 ogni

371 1661 493 1747 giorno
505 1661 679 1747 perdendo
694 1662 726 1727 la
743 1661 843 1743 vista,
856 1659 891 1726 di
908 1661 1009 1726 modo
1020 1661 1084 1726 che
1096 1659 1144 1726 lui
1157 1671 1192 1726 et
1203 1659 1260 1726 noi
1273 1670 1419 1728 tememo
1431 1664 1498 1730 che
1511 1661 1594 1727 real-

299 1785 305 1802 ·
371 1787 486 1845 mente
501 1798 571 1842 non
586 1777 619 1842 la
635 1777 751 1863 perda‚
770 1762 804 1844 et
825 1775 882 1862 gii
898 1775 933 1841 in
957 1777 1064 1842 Roma
1079 1777 1192 1843 hebbe
1209 1796 1255 1842 un
1276 1775 1429 1844 cauterio
1453 1777 1487 1842 al
1509 1775 1596 1842 collo

369 1914 430 1979 per
445 1902 567 1977 questo
583 1901 696 1958 conto.
715 1893 759 1958 Et
774 1893 859 1958 oltre
883 1913 903 1958 a
923 1899 1056 1976 questo,
1084 1891 1130 1957 ha
1151 1889 1185 1956 di
1205 1889 1366 1976 bisognio
1382 1892 1417 1957 d'
1436 1913 1484 1957 un
1499 1889 1594 1957 scrit-

372 2017 445 2074 tore
460 2006 477 2048 ¹³
497 2029 556 2092 per
571 2008 603 2074 le
616 2027 677 2074 sue
689 2005 834 2088 lettioni,
848 2004 1031 2072 altrimenti
1047 2027 1117 2072 non
1129 2005 1197 2090 pud
1209 2006 1356 2092 legger'3
1371 2005 1405 2071 di
1419 2008 1522 2073 modo
1535 2007 1593 2072 che
1646 2069 1647 2080 ἶ

371 2125 391 2188 ὁ
407 2142 493 2208 gran
511 2101 679 2189 necessitei
693 2123 758 2190 che
773 2119 878 2186 habbi
893 2142 941 2186 vn
956 2141 1166 2203 successore,
1184 2130 1219 2186 et
1235 2121 1347 2206 quello
1368 2121 1553 2188 realrnente
1569 2119 1594 2184 si

371 2237 507 2304 doueua
523 2259 543 2302 a
558 2236 725 2304 Giacomo
736 2234 931 2317 Valentino,
946 2235 1066 2322 poiche
1083 2238 1119 2303 fu
1132 2246 1278 2304 estrema
1290 2236 1460 2304 necessita
1471 2237 1506 2303 di
1519 2237 1594 2303 dare

372 2354 473 2419 Mtro.
493 2353 643 2419 Roberto
660 2351 672 2384 ⁸
688 2371 750 2436 per
765 2351 968 2419 rhetoricoa
984 2352 1160 2436 lnspruch;
1180 2353 1203 2416 l'
1221 2353 1307 2418 altro
1323 2351 1527 2438 philosopho
1542 2372 1595 2416 sa·
1647 2367 1648 2414 i

376 2465 426 2534 ria
442 2487 568 2533 ancora
583 2465 787 2547 necessario,
814 2487 875 2551 per
901 2475 1004 2533 conto
1026 2469 1092 2532 che
1119 2466 1153 2532 di
1181 2469 1282 2534 Mtro.
1312 2467 1452 2536 Simone
1469 2469 1481 2502 ³
1499 2479 1590 2534 stano

373 2580 457 2668 ogni
472 2581 595 2668 giorno
611 2561 677 2648 cori
697 2601 784 2667 gran
806 2579 939 2662 timore,
963 2601 1023 2667 per
1050 2601 1113 2647 sua
1128 2601 1213 2668 poca
1239 2579 1511 2662 mortificatione,
1533 2581 1592 2646 che

377 2718 447 2763 non
464 2696 613 2776 manchi‚
637 2716 735 2764 come
760 2694 817 2781 gia
846 2705 979 2764 temeua
1008 2697 1051 2762 V.
1072 2699 1111 2764 P.
1142 2696 1231 2762 nella
1257 2697 1378 2766 lettera
1405 2699 1469 2764 che
1496 2693 1591 2764 scrise

375 2812 514 2897 quando
529 2811 563 2876 lo
589 2811 726 2876 mando.
758 2813 872 2897 Prego
898 2811 1002 2877 molto
1025 2812 1105 2878 aV.
1137 2793 1178 2877 P.
1196 2814 1261 2880 che
1275 2813 1437 2897 proueda,
1455 2823 1490 2882 et
1510 2809 1587 2878 real-

377 2935 490 2994 mente
507 2927 620 3011 quello
635 2929 700 2992 che
715 2928 759 2992 ha
775 2925 818 2992 da
834 2927 1007 2994 succeder'
1023 2929 1156 2994 aMtro.
1172 2927 1339 3008 Gerardo,
1354 2926 1401 2992 mi
1416 2950 1498 3013 pare
1514 2921 1590 3010 ogni

376 3041 477 3108 modo
494 3041 697 3108 necessario:
716 3042 820 3125 quell¹
837 3041 925 3108 altro
941 3062 1001 3127 per
1017 3051 1136 3127 questa
1153 3062 1270 3127 paura,
1289 3043 1395 3109 molto
1410 3039 1586 3128 probabile,

375 3165 411 3224 et
426 3155 484 3243 giai
499 3159 526 3224 s’
545 3157 565 3222 ὲ
586 3158 746 3222 mandato
767 3159 929 3240 Marquez
955 3177 1053 3223 come
1068 3155 1153 3239 dise3
1182 3178 1282 3243 spero
1298 3161 1325 3224 s'
1354 3157 1540 3236 arimathia,
1559 3165 1588 3222 et

377 3274 498 3358 puotrai
514 3270 644 3340 seruire
660 3293 719 3359 per
736 3273 828 3338 buon
846 3273 979 3352 lettore‚
1002 3282 1037 3341 et
1064 3273 1135 3339 cosi
1158 3271 1260 3340 etiam
1287 3295 1347 3358 per
1370 3282 1472 3339 conto
1488 3293 1548 3340 suo
1563 3271 1586 3335 s'

382 3401 580 3411 *-

429 3467 445 3499 ²
469 3455 663 3512 Emendatum
676 3474 693 3513 a
705 3457 775 3513 libr.
790 3474 828 3512 ex
840 3476 883 3513 un
889 3461 964 3531 poco
976 3458 1010 3513 di
1019 3459 1181 3530 greco-b
1192 3473 1210 3528 4
1220 3460 1312 3514 verba
1321 3475 1405 3532 seqq.
1420 3475 1507 3531 supra
1516 3471 1586 3512 vers.

377 3543 489 3600 addidit
502 3546 571 3602 libr.

379 3651 577 3660 -—.-——.

384 3694 386 3698 ’
431 3699 440 3731 ¹
479 3697 561 3752 Haec
574 3696 611 3753 de
621 3700 770 3754 Matthaeo
783 3699 890 3770 polono
902 3699 984 3754 addit
1001 3697 1126 3772 Natalis,
1144 3701 1203 3756 loc.
1225 3699 1295 3766 cit.,
1315 3707 1503 3772 rr...paretur
1519 3705 1549 3754 ut
1563 3693 1588 3748 in

376 3795 552 3857 sequentem
565 3804 672 3842 annum
686 3787 725 3842 sit
737 3788 837 3842 rhetor
849 3785 937 3858 hujus
949 3786 1081 3858 collegii.
1089 3805 1103 3840 »

430 3877 441 3910 ¹
479 3877 525 3930 De
538 3876 593 3931 hac
605 3873 824 3932 contributione
837 3873 906 3930 vide
918 3875 1047 3948 append.
1064 3875 1203 3931 xxxiv.

430 3963 442 3994 ³
477 3964 522 4019 Ex
541 3965 595 4019 hoc
613 3966 678 4020 loco
698 3963 913 4020 emendandum
932 3962 1049 4020 videtur
1066 3981 1231 4035 cognomen
1248 3963 1316 4020 huic
1333 3965 1464 4022 Gerardo
1480 3982 1497 4019 a
1514 3959 1589 4020 nobis

376 4049 552 4106 attributum
566 4069 665 4124 supra,
678 4070 746 4125 pag.
763 4051 824 4122 173,
838 4061 938 4108 annot.
952 4068 979 4122 4.
991 4055 1058 4109 Duo
1070 4053 1175 4109 eodem
1188 4062 1321 4126 tempore
1331 4062 1415 4110 erant
1424 4051 1542 4111 Gerardi
1553 4049 1589 4104 in·

376 4147 422 4194 ter
434 4139 590 4210 magistros
602 4141 751 4213 Dilingae.
768 4143 852 4198 Alter
862 4140 1005 4197 successit
1018 4142 1130 4213 Jacobo
1139 4143 1314 4198 Valentiano
1327 4143 1357 4199 in
1369 4142 1499 4198 docenda
1510 4139 1591 4214 philo-

376 4228 491 4301 sophia,
504 4237 534 4286 et
551 4230 619 4285 huic
636 4245 800 4302 cognomen
812 4239 875 4286 eret
888 4230 1046 4287 Pestelius.
1060 4232 1146 4288 Alter
1159 4248 1240 4304 vero,
1252 4231 1413 4288 rhetorices
1425 4231 1590 4302 megistum

377 4316 475 4374 Natali
488 4319 635 4374 clevensis
648 4318 765 4388 dicitu13
779 4335 944 4390 cognomen
957 4329 1056 4375 autem
1067 4319 1170 4392 ipsius,
1182 4337 1219 4375 ex
1232 4323 1367 4392 catalogo
1378 4328 1446 4376 vota
1455 4314 1590 4376 scholasti·

374 4422 476 4462 corum
490 4409 694 4464 renovantium
707 4408 791 4463 initio
808 4409 877 4465 anni
898 4409 976 4479 1567,
990 4409 1157 4482 Lapidanus
1171 4427 1238 4466 esse
1251 4409 1378 4478 videtur,
1392 4419 1425 4464 ut
1437 4408 1467 4464 in
1479 4427 1507 4464 n.
1520 4406 1535 4462 3
1546 4407 1589 4459 hu·

309 4497 313 4506 '
373 4494 424 4566 jus
437 4496 582 4570 epistolae
595 4497 706 4554 dictum
720 4507 776 4554 est.

429 4587 442 4619 ⁴
478 4584 610 4643 Girulius
624 4589 671 4642 vel
684 4587 836 4660 Byruliue.
854 4587 931 4645 Vide
945 4605 1016 4662 pag.
1035 4587 1098 4662 113,
1110 4597 1213 4646 annot.
1232 4601 1263 4644 2.
1290 4629 1300 4648 .

431 4676 443 4710 ⁵
479 4673 580 4730 Simon
594 4675 766 4734 leodiensis.
784 4676 861 4733 Vide
874 4694 946 4750 pag.
965 4676 1025 4750 113,
1040 4686 1144 4735 annot.
1164 4691 1192 4736 1.
