3456 5386
414 454 465 512 128
798 453 902 510 Errsr.
923 449 956 505 Ρ.
977 446 1182 520 Nanos—393

442 624 474 690 7.
522 607 588 676 Del
603 616 770 675 rettorato
784 605 840 676 del
857 607 897 673 P.
917 603 1023 672 Paolo
1037 604 1061 686 ¹,
1078 612 1113 670 et
1128 603 1238 670 anche
1249 601 1305 672 del
1318 601 1479 668 mandare
1494 621 1516 666 o
1533 621 1607 666 non

375 724 536 792 mandare
556 722 591 790 in
612 720 756 790 Francia
774 721 797 787 il
819 723 922 790 Mtro.
944 717 1134 787 Domenico
1150 717 1176 797 ⁸,
1195 716 1302 784 faccia
1316 717 1350 784 la
1370 717 1412 784 R.
1436 717 1479 784 V.
1502 735 1605 784 come

375 837 501 926 meglio
515 837 539 904 li
554 841 684 925 patera.
704 835 833 904 Poiche
848 835 884 901 in
899 845 1018 920 questa
1035 833 1109 900 sisa
1121 833 1231 899 anche
1243 830 1388 918 risposta
1399 831 1464 900 alle
1476 831 1603 900 lettere

375 952 431 1024 del
444 955 484 1021 P.
503 951 653 1034 Canisio,
670 950 745 1018 diro
762 953 826 1018 che
841 949 888 1015 mi
903 948 1035 1036 pareria
1045 949 1113 1016 ben
1126 945 1368 1035 representassi
1384 945 1432 1012 lui
1444 957 1555 1012 stesso
1568 947 1604 1012 al

376 1067 527 1137 cardinal
542 1066 681 1138 Amulio
696 1066 776 1152 quel
791 1068 856 1134 che
870 1065 917 1130 mi
932 1064 1056 1144 scriue,
1074 1065 1119 1133 de
1133 1065 1198 1132 che
1213 1061 1303 1132 saria
1313 1063 1403 1130 bene
1413 1083 1483 1130 non
1498 1060 1529 1127 si
1544 1060 1602 1127 in-

377 1182 630 1253 tromettessino
644 1181 668 1248 li
684 1180 792 1250 nostri
807 1181 843 1247 in
859 1201 938 1248 cose
953 1178 1125 1267 publichc,
1139 1189 1175 1247 et
1190 1199 1228 1245 se
1242 1176 1277 1244 di
1293 1199 1360 1264 qua
1375 1177 1406 1244 ei
1419 1177 1512 1245 fusse
1527 1176 1603 1243 dis-

377 1319 475 1384 parer
489 1300 534 1367 de
549 1298 684 1376 alcuno,
698 1297 801 1366 credo
817 1315 948 1362 saremo
960 1315 1085 1362 ancora
1096 1293 1154 1362 noi
1163 1292 1277 1374 intesi‚
1295 1301 1330 1362 et
1343 1293 1471 1360 faremo
1482 1293 1504 1357 l'
1521 1291 1605 1358 uffi-

377 1414 431 1482 cio
446 1415 511 1484 che
526 1412 696 1481 conulene
711 1413 736 1478 ⁸.
755 1411 820 1478 Del
836 1407 975 1497 negotio
990 1408 1069 1476 delli
1085 1407 1283 1488 coloniensi,
1302 1407 1483 1476 uederemo
1500 1405 1535 1472 ui
1551 1405 1608 1474 sia

376 1529 648 1598 raccomandato.
667 1529 760 1596 Uero
771 1527 791 1592 e
803 1528 867 1593 che
879 1545 1005 1612 pareua
1015 1547 1037 1592 a
1048 1523 1252 1610 Monsignor
1263 1524 1433 1608 Gropero,
1450 1533 1486 1590 et
1497 1523 1606 1590 credo

377 1646 400 1711 l’
422 1647 468 1712 ha
483 1642 613 1724 scritto,
636 1643 700 1710 che
716 1639 934 1708 mandassino
952 1641 1080 1706 huomo
1095 1638 1234 1726 proprio
1253 1638 1289 1705 di
1309 1638 1422 1723 quella
1441 1637 1524 1704 cittis
1539 1659 1606 1724 per

377 1759 515 1828 uisitare
538 1759 610 1828 Sua
630 1755 774 1827 Santita.
794 1757 942 1842 Quando
962 1777 1032 1824 non
1051 1757 1085 1821 lo
1105 1753 1285 1836 facessino,
1302 1774 1435 1823 saremo
1454 1753 1564 1839 parati
1581 1775 1604 1820 a

377 1877 429 1942 iar
444 1873 479 1940 di
493 1895 562 1960 qua
577 1873 657 1959 quel
671 1873 736 1940 che
751 1881 905 1959 potremo
920 1871 945 1937 ⁸.
963 1872 1130 1956 Gasparo,
1148 1872 1213 1937 che
1232 1879 1331 1938 staua
1345 1868 1381 1937 in
1401 1867 1600 1950 Monachio,

378 1991 467 2058 uada
482 1989 517 2056 in
532 1991 626 2056 buon
640 1989 726 2055 hora
741 2009 761 2054 a
778 1987 828 2054 sar
844 1986 854 2052 i
872 1985 946 2053 satti
962 1985 1049 2068 suoi;
1062 1996 1097 2052 et
1109 1983 1209 2052 simili
1220 2005 1375 2072 persone,
1389 2005 1487 2052 corne
1498 1986 1518 2051 e
1530 1986 1601 2052 ben

379 2108 465 2172 fatto
484 2103 569 2172 darli
589 2102 743 2184 licencia,
766 2103 837 2170 cosi
859 2105 969 2170 anche
995 2123 1076 2188 pare
1103 2099 1278 2186 spediente
1297 2122 1366 2170 non
1388 2100 1412 2166 li
1438 2101 1603 2167 mandare

378 2218 586 2306 exasperati,
610 2217 645 2284 in
669 2226 798 2304 quanto
826 2216 854 2282 si
881 2221 992 2303 potra.
1015 2216 1082 2285 Del
1109 2219 1214 2287 Mtro.
1237 2216 1424 2284 Conrado⁵
1449 2215 1495 2282 mi
1518 2237 1605 2302 pare

379 2334 475 2402 siano
491 2333 596 2400 buoni
612 2331 636 2398 li
653 2330 759 2400 mezzi
774 2333 839 2399 che
854 2353 892 2400 se
907 2331 931 2398 li
946 2334 1129 2400 haueuano
1145 2353 1165 2398 a
1179 2352 1381 2418 proponere,
1399 2340 1434 2398 et
1450 2341 1605 2416 aspetta-

380 2470 475 2518 remo
490 2449 669 2518 intendere
684 2447 764 2533 qual
780 2469 896 2515 mezzo
911 2449 1038 2514 hauera
1053 2446 1205 2534 pigliato.
1223 2447 1288 2514 Del
1303 2449 1341 2514 Ρ.
1358 2446 1536 2529 Ledesma,
1552 2444 1600 2512 mi

435 2623 441 2653 ¹
480 2617 635 2672 Hoffaeus.
653 2615 728 2671 Vide
742 2615 832 2688 epist.
848 2613 912 2686 357,
926 2633 955 2670 n.
969 2629 997 2684 43
1010 2613 1074 2686 359,
1087 2633 1121 2670 n.
1136 2615 1165 2684 6;
1179 2613 1242 2684 362,
1256 2631 1289 2670 n.
1307 2629 1334 2684 53
1348 2621 1379 2670 et
1391 2611 1454 2686 391.

431 2711 442 2742 ¹
480 2705 650 2776 Menginus.

431 2796 442 2828 ³
478 2793 615 2874 §anisius
636 2793 771 2864 Borgiae,
794 2791 829 2847 23
846 2791 943 2848 Martii
962 2791 1041 2861 1566,
1057 2793 1130 2848 haec
1147 2791 1224 2848 inter
1244 2791 1302 2848 alia
1322 2792 1483 2848 retulit2...
1507 2791 1604 2862 «Eget

378 2883 455 2939 seria
473 2881 718 2954 consideratione,
736 2899 773 2936 an
792 2881 949 2936 conueniat
967 2881 1087 2953 nostris,
1100 2891 1132 2937 ut
1144 2899 1163 2936 a
1174 2881 1312 2954 pontifice
1326 2879 1413 2936 modo
1430 2881 1460 2936 in
1478 2881 1601 2936 Germa·

379 2972 457 3028 niam
468 2970 591 3039 extrusi,
602 2970 679 3026 sicut
690 2988 707 3025 a
718 2987 764 3026 me
775 2967 893 3044 netum,
905 2979 961 3038 est,
973 2971 1081 3044 passim
1091 2971 1290 3026 obambulent.
1301 2969 1370 3026 Scio
1379 2968 1510 3043 pontifici
1522 2986 1539 3024 a
1553 2987 1605 3024 no·

377 3061 424 3116 bis
437 3076 551 3114 summa
566 3059 679 3114 deberi:
698 3059 751 3115 sed
769 3058 840 3115 nihil
859 3058 946 3114 uideo
958 3058 1035 3132 quod
1051 3059 1230 3115 Societatem
1243 3067 1372 3115 nostram
1390 3075 1506 3114 omnem
1522 3058 1603 3131 apud

376 3165 532 3220 germanos
550 3148 672 3204 infamet
693 3164 728 3204 ac
745 3149 883 3204 obscuret
900 3149 1006 3220 magis,
1018 3148 1088 3204 dum
1101 3150 1253 3214 habemur,
1266 3150 1304 3203 ab
1326 3147 1479 3204 catholicis
1499 3146 1602 3218 etiam,

376 3238 586 3308 exploratores,
599 3245 630 3291 et
644 3243 778 3308 putamur
791 3238 880 3293 rebus
893 3237 1018 3308 publicis
1031 3253 1085 3292 nos
1098 3237 1275 3302 immiscere,
1289 3245 1319 3292 et
1331 3253 1407 3308 quae
1420 3244 1488 3292 sunt
1505 3235 1603 3292 humi·

375 3324 467 3381 litatis
477 3332 595 3380 nostrae
605 3323 729 3396 propria,
737 3324 898 3396 posteriore
909 3326 1017 3379 habere
1027 3325 1191 3396 loco,uelut
1201 3323 1251 3396 qui
1262 3339 1399 3396 praeesse
1409 3322 1503 3394 magis
1512 3341 1601 3396 quam

375 3412 515 3486 prodesse
526 3413 664 3469 uelimus.
683 3412 716 3468 P.
731 3413 844 3468 Natalis
857 3411 967 3468 iudicat
979 3411 1111 3468 odiosum
1126 3430 1244 3486 prorsus
1257 3421 1288 3468 et
1297 3411 1461 3486 provintiae
1472 3411 1603 3468 Societa-

374 3502 471 3576 tisque
493 3509 611 3558 nostrae
628 3504 717 3558 rebus
737 3501 1036 3559 incommodissimum
1049 3503 1104 3558 hoc
1125 3519 1221 3574 genus
1238 3520 1305 3558 esse
1327 3501 1489 3558 missionis.
1511 3501 1602 3572 Quod

374 3590 412 3647 sd
433 3608 480 3646 me
502 3598 627 3664 spectat,
649 3589 680 3646 in
702 3598 857 3664 utrumque
878 3607 978 3646 casum
992 3608 1039 3648 me
1061 3601 1193 3664 paratum
1215 3592 1345 3648 sentio.»
1365 3591 1409 3646 Ex
1422 3590 1521 3663 Epist.
1542 3589 1602 3647 Ca·

375 3681 460 3753 nisit,
474 3681 513 3748 ΙΙ,
530 3680 581 3736 166
593 3682 665 3750 (72).

427 3771 440 3804 ⁴
477 3769 522 3824 De
535 3770 591 3824 hoc
604 3767 724 3839 negotio
736 3767 872 3824 Canisius
885 3769 1020 3840 Bergine,
1034 3781 1067 3838 27
1080 3768 1211 3840 Januarii
1227 3767 1305 3841 1566,
1323 3769 1396 3826 haec
1414 3768 1556 3842 scripsitt.
1568 3809 1594 3826 ..

376 3857 493 3913 «Unum
505 3855 570 3923 fuit,
586 3855 616 3911 in
628 3873 687 3928 quo
699 3855 746 3912 his
758 3856 976 3912 coloniensibus
989 3874 1048 3912 non
1060 3857 1141 3927 potui
1154 3857 1250 3914 facere
1263 3858 1349 3913 satis.
1369 3857 1517 3930 Scriptum
1534 3868 1599 3915 erat

375 3943 411 3999 ad
422 3943 498 4015 illos,
508 3944 655 4018 pontificis
666 3945 794 4014 nomine,
804 3944 947 4018 quidquid
956 3945 1012 4017 ipsi
1021 3946 1131 4001 Rornae
1140 3947 1348 4019 postulassent,
1361 3946 1391 4002 id
1400 3963 1467 4002 esse
1480 3963 1600 4004 conces·
1718 3923 1719 3958 ³

375 4051 454 4088 sum.
471 4033 598 4089 Litteras
611 4049 682 4103 ergo
696 4043 788 4089 testes
806 4033 1005 4090 concessionis
1021 4034 1221 4108 requirebant,
1233 4052 1308 4108 quae
1325 4035 1351 4090 si
1369 4034 1495 4091 luissent
1508 4036 1598 4092 etiarn

376 4120 413 4176 ad
426 4138 543 4176 manum
557 4121 639 4190 mihi,
654 4121 752 4178 mirari
765 4131 900 4194 poterant
912 4122 949 4178 de
965 4139 1105 4178 concesso
1123 4131 1236 4180 tanturn
1249 4123 1386 4189 triennio,
1404 4141 1471 4179 curn
1489 4123 1532 4180 illi
1550 4142 1601 4180 an·

376 4226 429 4264 nos
445 4222 478 4265 12
490 4209 678 4282 petivissent,
692 4210 729 4266 ad
741 4210 884 4266 beneficia
897 4211 929 4267 in
942 4219 1070 4267 meatem
1083 4212 1228 4285 pontilicis
1240 4211 1431 4269 conferenda.
1448 4213 1512 4284 Ego
1529 4231 1601 4268 vero

376 4305 533 4354 contentus
547 4299 701 4370 magnifica
719 4300 923 4372 promissione,
941 4317 1027 4374 quarn
1046 4301 1177 4373 pontifex
1195 4301 1225 4357 in
1238 4303 1300 4357 suis
1317 4302 1463 4374 expressit
1481 4303 1598 4374 litteris,

376 4385 439 4442 dlxi
456 4404 503 4442 me
516 4395 547 4444 et
559 4396 675 4443 nostros
692 4388 819 4444 libenter
835 4389 954 4446 daturos
978 4407 1106 4462 operam,
1125 4399 1168 4462 ut,
1186 4390 1211 4446 si
1228 4389 1380 4462 negotium
1398 4391 1435 4446 ad
1454 4391 1602 4464 pontificis

345 4501 351 4522 ι
377 4483 499 4530 mortem
512 4475 679 4532 conlectum
691 4495 750 4533 non
764 4487 854 4548 esset,
867 4479 945 4551 apud
958 4495 1065 4534 novum
1079 4478 1157 4535 illius
1174 4495 1375 4537 successorem
1392 4497 1480 4536 causa
1497 4479 1600 4538 eadem

377 4571 544 4634 urgeatur.»
558 4567 602 4620 Ex
615 4565 716 4638 Epist.
736 4565 865 4638 Canisit',
879 4568 918 4622 II.

431 4652 443 4686 ⁸
479 4651 659 4724 Swagerius.
