3456 5386
428 491 478 547 126
812 487 917 543 Ense.
936 485 971 542 P.
991 469 1194 560 Nonne-'393
1272 559 1275 566 ,

388 662 448 732 per
463 644 496 712 le
512 641 603 728 quali
624 643 790 709 euenuto
811 641 834 706 l'
858 638 993 707 auditor
1011 639 1068 707 del
1087 640 1193 708 lllmo.
1212 640 1339 728 legato,
1358 639 1388 706 si
1408 637 1551 706 scriuiri
1573 638 1624 705 de

389 768 517 846 aparte.
542 757 613 844 Qui
636 755 834 843 rispondero
856 756 925 842 agl’
946 753 1023 822 altri
1039 754 1159 842 'punti
1182 757 1225 822 Et
1251 754 1371 842 prima,
1394 764 1522 840 quanto
1549 754 1621 820 alla

389 873 594 960 disposicion
609 872 784 959 corporale
798 871 833 938 di
849 872 893 939 V.
912 873 969 954 R.,
988 870 1067 938 tutti
1083 894 1127 940 ne
1142 870 1325 940 resentimo
1341 869 1445 950 assai,
1463 871 1528 938 che
1542 889 1619 936 non

387 990 438 1056 sia
453 998 548 1055 tanto
563 1009 737 1075 prospera,
754 997 884 1073 quanto
900 987 932 1052 la
947 986 1170 1068 desideramo,
1185 1007 1247 1072 per
1257 983 1281 1052 il
1293 984 1432 1052 seruitio
1447 983 1565 1051 diuino
1579 994 1618 1052 et

388 1107 457 1173 ben
472 1124 665 1184 commune,
684 1113 718 1170 et
734 1101 768 1170 io
782 1101 921 1172 hauerei
937 1105 1040 1169 charo
1057 1101 1182 1171 tenessi
1203 1101 1227 1168 il
1248 1112 1349 1169 conto
1363 1104 1428 1168 che
1443 1099 1617 1168 conuiene

389 1241 455 1288 con
475 1221 611 1306 quella3
634 1230 669 1286 et
689 1219 771 1306 pero
791 1229 919 1304 quanto
939 1219 994 1284 ill’
1016 1217 1122 1285 andar
1142 1219 1211 1284 ala
1227 1219 1365 1284 fontana
1385 1217 1427 1284 de
1448 1216 1558 1302 Lieja,
1579 1226 1618 1284 et

388 1346 518 1422 quanto
534 1335 566 1400 al
584 1345 698 1420 tempo
713 1332 748 1400 e't
763 1334 864 1401 modo
880 1332 914 1400 di
931 1333 1068 1413 andare,
1086 1332 1133 1399 mi
1148 1332 1284 1400 rimetto
1299 1331 1335 1399 in
1351 1343 1441 1399 tutto
1456 1354 1476 1399 a
1492 1333 1535 1399 V.
1552 1331 1615 1410 R,

388 1471 485 1518 come
501 1449 558 1536 gii
574 1471 622 1515 un
637 1449 724 1516 altra
739 1448 832 1544 uolta
848 1449 894 1515 ho
909 1447 1053 1515 scritto·
1069 1470 1077 1530 ;
1095 1450 1172 1515 sarai
1186 1449 1253 1516 ben
1270 1449 1431 1533 adunque
1447 1449 1512 1514 che
1528 1467 1619 1514 con-

388 1563 468 1632 sulti
484 1565 629 1650 qualche
645 1563 789 1644 medico,
807 1574 841 1630 et
857 1563 1098 1648 specialmente
1110 1562 1219 1649 potria
1234 1564 1295 1631 dar
1311 1563 1399 1629 forse
1414 1565 1507 1630 buon
1523 1583 1616 1629 con-

388 1677 497 1768 seglio
512 1679 626 1764 quello
642 1678 697 1746 del
714 1680 812 1745 Rmo.
830 1678 874 1746 de
889 1677 1071 1764 Cambray,
1086 1679 1237 1747 secondo
1249 1680 1314 1745 che
1324 1699 1405 1764 pare
1420 1677 1453 1743 al
1465 1679 1506 1744 Ρ.
1521 1679 1619 1745 Eue-

387 1796 500 1876 rardo,
519 1805 553 1863 et
568 1793 670 1881 dopoi
687 1792 795 1860 faccia
810 1795 853 1861 V.
873 1797 916 1862 R.
933 1792 1155 1864 liberamento
1170 1794 1327 1879 quelche
1342 1791 1612 1880 giudiearalcon·

386 1909 484 1976 uenit
500 1931 561 1996 per
576 1910 670 1976 aiuto
686 1910 775 1978 della
790 1930 853 1976 sua
869 1907 1002 1990 seniti3
1020 1919 1056 1975 et
1071 1910 1161 1978 nelle
1181 1930 1262 1976 cose
1283 1909 1372 1977 della
1388 1907 1488 1976 uisita
1505 1907 1616 1974 faccia

386 2026 466 2110 quel
481 2027 546 2093 che
562 2027 663 2111 potrei
679 2025 949 2104 comodmente,
963 2044 1033 2090 non
1048 2023 1077 2090 si
1092 2024 1244 2091 curando
1256 2025 1311 2090 del
1324 2033 1428 2102 rest0,
1442 2023 1485 2090 ne
1501 2025 1615 2092 anche

389 2161 428 2209 se
450 2140 627 2207 attenderit
646 2139 712 2206 alla
737 2137 839 2206 uisita
860 2139 1017 2206 undando
1037 2149 1158 2226 troppo
1178 2137 1213 2205 in
1235 2138 1351 2219 fretta,
1374 2139 1418 2204 ne
1438 2136 1615 2224 pigliando

391 2265 513 2342 troppo
529 2254 647 2334 letica,
667 2254 791 2340 perche
807 2254 921 2340 quello
941 2255 1004 2321 che
1020 2275 1089 2320 non
1104 2253 1133 2320 si
1149 2254 1183 2321 fa
1203 2252 1239 2319 in
1255 2276 1303 2320 un
1318 2275 1426 2332 mese,
1445 2251 1473 2319 si
1491 2252 1562 2320 sart
1576 2251 1613 2318 in

390 2391 438 2438 un
455 2370 541 2436 altro
556 2380 624 2436 etc.

457 2503 490 2552 2.
539 2482 684 2552 Parechi
699 2485 820 2553 lettere
838 2483 874 2551 di
894 2485 937 2551 V.
956 2485 998 2550 R.
1023 2483 1051 2550 si
1072 2506 1134 2552 son
1150 2487 1296 2568 hanute,
1314 2495 1349 2552 et
1365 2483 1422 2571 git
1441 2486 1470 2552 s'
1488 2485 1507 2551 ἑ
1528 2482 1616 2550 satta

389 2599 534 2687 risposta
549 2601 606 2666 all'
625 2601 709 2669 altre
725 2599 760 2667 di
775 2611 911 2686 queste,
930 2598 966 2666 in
986 2599 1084 2666 fuora
1099 2599 1164 2667 alle
1184 2598 1276 2694 quali
1296 2601 1417 2669 adesso
1436 2598 1611 2685 rispond0.

388 2715 415 2782 Il
433 2717 473 2781 P.
493 2716 639 2784 Hennes
659 2714 812 2801 predichi
831 2714 867 2782 in
888 2715 983 2782 buon
1001 2718 1085 2782 hora
1107 2714 1143 2783 in
1158 2717 1331 2802 Augusta.
1350 2717 1393 2781 Et
1408 2715 1441 2782 la
1455 2713 1613 2800 publica-

388 2830 480 2899 tione
506 2829 562 2898 del
586 2829 730 2898 triennio
753 2830 809 2900 del
833 2833 873 2898 P.
897 2831 1130 2913 Theodoric0,
1154 2831 1183 2899 si
1203 2830 1309 2898 faccia
1331 2830 1468 2917 quando
1492 2833 1614 2916 patera

387 2967 408 3013 a
428 2945 472 3012 V.
496 2945 537 3014 R.
555 2945 655 3014 Delle
669 2944 820 3013 missioni
836 2967 906 3014 non
917 2947 971 3013 δὲ
984 2947 1085 3015 fretta
1095 2945 1130 3013 di
1147 2956 1266 3014 trattar
1280 2947 1346 3013 col'
1360 2945 1466 3011 lllmo.
1481 2944 1610 3032 legato:

388 3059 446 3146 gia
458 3059 487 3126 si
502 3061 581 3129 dete
593 3059 692 3127 auiso
703 3081 812 3142 come,
826 3059 1008 3130 informato
1019 3062 1091 3131 Sua
1102 3061 1235 3131 Santital
1247 3061 1290 3130 de
1302 3062 1423 3128 alcune
1435 3080 1527 3140 cose,
1541 3079 1612 3126 non
1718 3125 1719 3132 ,

387 3173 507 3243 insiste
523 3174 638 3241 niente
654 3174 690 3240 in
706 3185 825 3260 queste
842 3174 1006 3257 missioni,
1025 3175 1101 3242 anzi
1117 3175 1140 3242 li
1156 3198 1238 3262 pare
1253 3177 1341 3244 bene
1356 3174 1454 3242 cheli
1467 3174 1611 3262 operarij

387 3294 453 3357 che
469 3289 504 3355 ui
520 3312 679 3374 saranno,
697 3311 843 3360 seruano
859 3289 959 3378 perii
975 3291 1109 3378 eollegij
1127 3290 1234 3359 nostri
1249 3302 1284 3359 et
1299 3290 1419 3379 luoghi
1435 3290 1558 3372 uicini,
1577 3291 1614 3358 in

388 3406 489 3472 modo
505 3408 569 3472 che
584 3403 724 3490 possino
739 3414 876 3476 tornare
890 3405 1007 3476 adetti
1023 3405 1171 3493 collegij,
1189 3427 1250 3494 per
1265 3405 1383 3474 uiuere
1399 3415 1489 3473 sotto
1509 3405 1613 3473 disci-

389 3520 480 3609 plina
495 3519 654 3608 religiosa
673 3523 695 3586 ¹.

457 3655 488 3721 3.
537 3635 574 3704 S’
592 3637 612 3702 ὲ
628 3635 738 3704 inteso
754 3637 890 3706 comeil
913 3638 953 3705 P.
972 3639 1017 3705 D.
1036 3636 1174 3705 Canisio
1196 3639 1334 3706 attende
1354 3659 1374 3706 a
1394 3639 1445 3704 iar
1466 3637 1612 3724 risposta
1717 3629 1718 3713 ζ

388 3772 409 3816 a
435 3751 515 3837 quel
541 3749 629 3817 libro
654 3753 720 3820 che
742 3751 820 3819 dete
847 3751 870 3817 il
892 3761 994 3821 conte
1014 3752 1177 3840 palatim,
1202 3763 1237 3822 et
1264 3775 1363 3822 come
1388 3775 1456 3820 non
1484 3773 1611 3839 pareua

388 3865 421 3932 al
437 3865 543 3932 lllmo.
561 3867 677 3953 legato
692 3887 730 3934 se
745 3865 769 3932 li
784 3867 1020 3953 respondesse;
1035 3890 1095 3954 per
1105 3867 1131 3934 il
1145 3871 1210 3937 che
1225 3870 1300 3936 sarit
1315 3870 1404 3937 bene
1419 3870 1484 3936 che
1498 3887 1569 3935 non
1581 3867 1610 3934 si

388 3979 538 4067 publichi
554 3982 648 4048 detta
664 3979 822 4068 risposta,
839 3991 1063 4068 quantunque
1078 3983 1101 4049 il
1118 3985 1158 4051 P.
1174 3981 1313 4051 Canisio
1324 3981 1414 4070 passi
1426 3981 1564 4049 innanzi
1575 3980 1611 4048 in

267 4159 271 4166 .
388 4096 514 4180 quella;
533 4107 567 4165 et
582 4095 619 4161 in
635 4106 757 4181 questo
778 4116 895 4164 mezzo
915 4096 947 4164 ci
966 4097 995 4165 si
1015 4110 1181 4185 potranno
1201 4097 1351 4168 scriuere
1371 4096 1395 4164 li
1415 4096 1537 4164 motiui
1555 4097 1612 4164 del
1716 4139 1717 4142 =

389 4210 516 4296 legato,
536 4221 571 4278 et
586 4210 677 4278 forse
692 4214 801 4280 anche
817 4232 884 4296 qua
899 4232 938 4280 se
952 4212 1129 4282 intenderat
1144 4214 1288 4299 qualche
1303 4235 1383 4281 cosa
1394 4213 1483 4281 della
1495 4221 1610 4281 mente

441 4423 458 4457 α
485 4413 519 4470 ln
532 4431 625 4486 marg.
638 4413 762 4486 Borghe
776 4433 873 4473 manu:
887 4419 1006 4476 Bualuo
1018 4421 1038 4476 tl
1050 4421 1133 4476 denir
1145 4437 1201 4492 que
1218 4420 1382 4494 interprete
1394 4419 1427 4476 lo
1443 4417 1613 4476 obediencia

386 4503 517 4575 siempre
530 4521 566 4558 en
574 4502 676 4577 fauor
687 4505 723 4560 da
735 4505 768 4560 la
780 4507 883 4563 salud.

444 4692 452 4724 ¹
490 4689 566 4746 Vide
579 4689 667 4764 epist.
680 4690 743 4764 389.
