3322 5376
415 466 468 538 478
801 465 906 522 Emst.
926 465 960 519 P.
982 462 1185 534 Nam-484

376 642 480 689 senza
494 639 662 687 consenso
678 615 734 684 del
749 637 813 684 suo
826 615 990 703 capitulo.
1010 616 1075 683 Del
1091 615 1275 684 cominciar
1291 619 1401 686 anche
1423 626 1518 684 tante
1538 615 1601 682 let-

377 735 463 804 tioni
478 734 631 814 insieme,
648 755 728 820 pare
744 753 825 800 cosa
840 732 945 799 molto
957 731 1105 812 difficile,
1120 753 1190 798 non
1201 729 1389 801 solamente
1400 755 1459 819 per
1469 731 1503 798 la
1515 752 1598 817 poca

376 861 511 922 entrata
525 852 590 917 che
604 848 633 916 si
649 849 692 915 dri
707 848 742 916 di
758 856 929 934 presente,
942 867 998 912 ma
1010 868 1069 933 per
1084 845 1108 911 il
1124 867 1206 934 peso
1218 845 1424 934 grauissimo
1434 846 1468 914 di
1478 843 1553 913 dar'
1564 855 1597 911 et

378 975 555 1032 mantener
571 963 657 1030 tanti
669 961 797 1030 mastri.
816 963 860 1028 Et
875 983 945 1028 non
961 960 984 1026 li
1005 963 1139 1029 auendo
1155 960 1191 1027 in
1212 963 1333 1042 Roma,
1351 972 1386 1029 et
1402 959 1596 1029 trouandosi

379 1082 488 1148 anche
499 1080 532 1145 la
547 1078 700 1165 superior
715 1075 899 1146 Germania
914 1095 999 1162 poco
1013 1075 1148 1158 fornita,
1162 1097 1242 1162 pare
1254 1097 1335 1144 cosa
1346 1077 1450 1144 molto
1462 1073 1594 1143 difficile

378 1219 400 1264 0
415 1217 499 1263 cosa
512 1193 702 1280 imposibile
718 1193 752 1258 di
769 1193 830 1260 lar'
859 1192 906 1258 tal
923 1190 1117 1278 prouisione
1144 1192 1223 1277 qual
1249 1191 1428 1261 conuiene.
1447 1193 1489 1258 Et
1515 1190 1595 1278 perri

379 1311 409 1379 si
425 1310 537 1378 scriue
557 1310 589 1376 al
612 1311 651 1375 Ρ.
681 1307 830 1388 Canisi0‚
859 1305 1074 1374 mandandoli
1095 1307 1239 1392 qualche
1262 1305 1478 1375 instruttione
1503 1305 1595 1373 accio

380 1425 517 1514 procuri
533 1427 596 1492 che
613 1423 638 1489 il
652 1445 801 1490 vescouo
816 1421 846 1489 si
861 1421 1013 1490 contenti
1029 1443 1094 1489 con
1109 1425 1217 1489 hauer
1232 1422 1265 1488 al
1279 1432 1437 1508 presente
1457 1431 1550 1508 parte
1563 1419 1595 1486 di

381 1541 495 1627 quello
506 1543 570 1607 che
582 1539 629 1606 lui
641 1539 780 1607 ricerca.
801 1539 844 1604 Et
855 1559 893 1605 se
906 1536 1005 1604 uorrai
1021 1557 1091 1602 non
1102 1535 1130 1603 si
1144 1535 1309 1624 obligare
1324 1538 1404 1623 quel
1416 1545 1595 1624 augmento

381 1677 441 1743 per
456 1656 589 1736 adesso,
607 1676 644 1722 se
656 1653 813 1739 reputari
825 1673 947 1719 manco
959 1651 1235 1734 inconueniente,
1248 1654 1313 1721 che
1328 1652 1469 1720 mandar
1478 1653 1594 1720 adesso

381 1770 468 1838 tanti
483 1769 599 1838 mastri
619 1773 640 1835 ¹.
659 1768 704 1836 Di
720 1789 788 1853 qua
802 1769 899 1854 potra
914 1768 958 1835 V.
973 1769 1014 1834 R.
1033 1767 1159 1836 uedere
1170 1788 1266 1836 come
1282 1767 1421 1854 giudico
1435 1767 1464 1834 si
1477 1764 1593 1834 debbia

382 1887 577 1975 procedere,
600 1883 702 1952 etiarn
723 1884 757 1950 in
779 1884 864 1952 altre
890 1902 1005 1950 nuoue
1032 1881 1232 1963 fundationi,
1262 1895 1298 1952 et
1324 1884 1428 1952 credo
1446 1906 1466 1950 a
1485 1882 1590 1968 quest'

381 2005 466 2070 hora
480 2003 607 2068 hauera
619 2000 772 2066 riceuuta
786 1998 820 2065 la
834 1999 943 2065 forma
958 1999 1022 2065 che
1037 2017 1105 2084 qua
1125 1997 1319 2084 giudicamo
1338 1999 1367 2065 si
1385 1997 1503 2066 debbia
1519 2019 1591 2084 pra-

383 2118 497 2184 ticare.
524 2119 590 2185 Del
615 2117 766 2184 mandar’
800 2113 824 2179 il
847 2113 1009 2198 theologo
1036 2123 1072 2179 et
1098 2113 1298 2202 philosopho
1324 2135 1384 2200 per
1410 2112 1589 2200 Herbipoli,

383 2232 558 2319 quandosi
572 2234 658 2300 ueda
669 2233 702 2298 la
714 2229 890 2298 risolution
902 2231 969 2298 che
980 2229 1008 2297 si
1021 2229 1126 2318 piglia
1141 2229 1177 2296 in
1192 2240 1314 2314 questo
1329 2232 1392 2297 che
1409 2231 1454 2296 ho
1468 2227 1588 2305 scritta,

385 2347 414 2414 si
429 2348 526 2433 potra
540 2347 702 2414 risoluere
714 2368 752 2415 se
767 2346 802 2412 lo
814 2354 967 2432 potremo
985 2345 1067 2425 lare,
1081 2343 1359 2413 considerandolo
1372 2343 1428 2430 piu
1440 2345 1472 2410 d'
1485 2363 1591 2430 apres-

383 2485 433 2530 so.
449 2463 493 2530 Et
508 2460 737 2530 accettandosi
758 2460 782 2525 il
809 2459 957 2546 collegio
973 2459 1016 2528 de
1032 2458 1221 2544 Herbipoli,
1239 2481 1260 2525 a
1280 2460 1323 2526 V.
1342 2461 1383 2526 R.
1403 2461 1447 2525 ho
1460 2457 1590 2526 rimesso

385 2578 471 2646 selo
486 2575 610 2644 debbia
633 2585 777 2643 mettere
792 2575 882 2642 nella
901 2573 1072 2659 prouintia
1091 2574 1147 2642 del
1161 2576 1293 2655 Rheno,
1313 2595 1333 2640 0
1349 2574 1437 2641 della
1452 2570 1591 2659 superior

384 2691 581 2774 Germania,
592 2702 627 2760 et
639 2691 711 2757 cosi
724 2692 757 2756 lo
770 2689 877 2756 saccio
888 2688 923 2755 di
935 2710 1062 2757 nuouo.
1074 2691 1165 2756 Vero
1178 2690 1280 2770 eche,
1291 2689 1471 2756 secondoil
1484 2691 1520 2756 P.
1529 2689 1589 2754 Ca-

384 2807 484 2887 nisio,
501 2816 554 2874 sta
570 2806 675 2872 molto
690 2805 876 2892 bisognosa
892 2803 927 2870 di
942 2815 1047 2892 gente
1062 2806 1174 2891 quella
1188 2826 1251 2870 sua
1266 2803 1436 2891 prouintia
1451 2805 1473 2871 ².

454 2937 485 3006 5.
534 2920 570 2989 S'
587 2920 745 2988 iintesso
760 2921 870 2988 anche
890 2921 1003 3005 quello
1017 2923 1082 2989 che
1093 2919 1204 2988 scriue
1223 2921 1267 2988 V.
1286 2923 1328 2988 R.
1347 2920 1402 2989 del
1419 2921 1460 2986 Ρ.
1480 2918 1586 2986 Oliue-

385 3037 437 3104 rio
464 3039 489 3119 ³,
518 3038 551 3104 al
577 3036 657 3121 qual
683 3033 839 3101 desidero
865 3035 936 3102 dar'
965 3034 1070 3115 aiut0,
1092 3045 1127 3101 et
1154 3035 1256 3126 glielo
1283 3035 1377 3116 dard,
1406 3033 1588 3122 piaceudoa

386 3151 494 3233 Iddi0,
512 3173 573 3238 per
599 3148 783 3218 cominciar
804 3149 954 3230 ilcorso,
976 3160 1012 3217 et
1032 3151 1200 3235 qualcuno
1227 3172 1288 3236 per
1307 3149 1416 3217 aiutar
1431 3150 1454 3216 li
1472 3145 1588 3230 nouitij.

299 3285 306 3305 ’
388 3271 456 3337 Per
471 3277 577 3334 rettor
591 3265 626 3333 di
638 3267 778 3334 Morach
797 3276 814 3309 ⁸
833 3276 868 3332 et
889 3264 963 3332 altri
984 3265 1132 3352 bisogni,
1150 3286 1220 3331 non
1239 3285 1278 3332 so
1298 3265 1411 3350 quello
1426 3267 1488 3332 che
1506 3264 1589 3351 pomi

440 3462 456 3495 Ι
485 3450 780 3523 sic,p10Mauriac.

391 3556 601 3568 *—

441 3601 449 3633 ¹
489 3600 566 3656 Vide
579 3599 704 3673 append.
720 3600 796 3655 LIV.

440 3695 452 3725 ³
489 3691 534 3745 En
547 3689 658 3745 Canisii
671 3689 708 3744 de
721 3690 776 3745 hoc
789 3689 909 3760 negotio
922 3689 1080 3760 sententie,
1094 3689 1228 3764 Borgiae,
1242 3701 1274 3745 21
1289 3690 1358 3762 Maji
1370 3691 1448 3762 1567,
1460 3684 1590 3745 transmis-

388 3795 436 3834 sa:
451 3777 557 3850 «Quod
569 3776 605 3832 ad
617 3777 775 3850 collegium
787 3776 992 3849 herbipolense
1005 3785 1130 3850 spectat,
1143 3779 1230 3834 Pater
1246 3778 1432 3851 provincialis
1445 3775 1532 3833 Rheni
1542 3790 1590 3828 ana

389 3883 505 3923 mecum
523 3874 659 3938 expectat
676 3867 808 3922 ultimam
826 3867 859 3920 P.
879 3865 914 3920 T.
934 3867 1120 3922 sententiam.
1140 3868 1179 3922 Et
1196 3867 1355 3939 prudenter
1371 3868 1487 3923 tandem
1503 3861 1589 3920 statuit

389 3957 423 4012 P.
438 3955 561 4023 Natalis,
574 3963 607 4010 ut
619 3954 645 4010 si
654 3955 810 4026 collegium
820 3957 886 4026 hoc,
896 3955 984 4012 sicuti
993 3973 1156 4027 speremus,
1169 3956 1340 4028 erigendum
1351 3955 1401 4028 sit,
1411 3973 1468 4012 non
1476 3961 1589 4012 nostran

388 4043 442 4102 sed
454 4044 608 4100 thenensis
620 4043 800 4117 provinciae,
810 4061 885 4117 quae
896 4044 1019 4100 vicinior
1029 4053 1059 4099 et
1069 4043 1201 4111 fertilior,
1213 4063 1246 4100 ac
1257 4045 1350 4101 modis
1360 4047 1493 4102 omnibus
1502 4045 1590 4100 instru-

388 4133 464 4190 ctior
476 4149 542 4188 esse
556 4131 682 4204 videtur,
698 4133 769 4188 illud
782 4133 878 4206 ipsum
891 4132 1076 4205 adjungatur.
1095 4135 1197 4206 Itaque
1215 4134 1333 4207 scripsit
1344 4134 1381 4189 ad
1394 4151 1441 4190 me
1457 4133 1529 4190 idem
1539 4143 1590 4203 pro·

389 4220 536 4293 vincialis,
549 4221 576 4276 si
589 4220 678 4276 velim
692 4228 722 4276 et
735 4221 778 4276 sic
788 4221 918 4293 judicem
935 4221 1105 4292 convenire,
1123 4231 1327 4294 suscepturum
1344 4239 1378 4279 se
1394 4240 1478 4291 onus,
1494 4237 1546 4278 non
1556 4233 1591 4272 so·

390 4312 450 4367 lum
471 4309 623 4382 spirensis,
642 4309 695 4366 sed
713 4309 802 4365 etiam
820 4309 1034 4382 herbipolensis
1051 4311 1181 4382 collegii,
1199 4313 1253 4366 hoc
1270 4327 1347 4368 anno
1363 4311 1524 4378 inchoandi,
1539 4321 1591 4362 cum

388 4399 524 4456 annuerit
538 4407 650 4454 tantum
661 4399 694 4453 P.
709 4397 756 4467 T.,
771 4416 858 4472 quam
871 4414 957 4470 spero
970 4398 1055 4455 facile
1064 4416 1273 4464 consensuram
1287 4417 1363 4456 esee.
1375 4401 1439 4457 Nec
1451 4415 1498 4455 ero
1509 4394 1592 4454 diffici·

389 4488 426 4544 lis
443 4487 474 4543 in
493 4505 551 4543 uno
569 4495 657 4560 atque
673 4489 765 4542 altero
784 4487 872 4542 etiam
890 4487 1055 4560 professore
1072 4489 1114 4544 illi
1133 4489 1296 4545 donando.»
1314 4489 1359 4545 Ex
1376 4483 1592 4562 autographo.i²¹

390 4576 487 4647 Epist.
504 4575 631 4641 canisii,
646 4576 686 4647 11,
699 4593 727 4632 n.
746 4587 805 4644 195.

442 4665 453 4697 ³
489 4664 654 4732 Manareus‚
668 4662 857 4735 provincialis
871 4665 1026 4721 Franciae.
