3414 5374
585 504 620 563 ²9
638 493 782 548 Aususn
802 503 870 563 15⁷5
1247 491 1305 564 697

113 639 252 707 dientia.
271 640 315 705 In
327 660 458 728 genere
473 640 529 708 doi
541 662 623 711 cose
637 643 748 711 vorrei
764 653 880 711 tratar:
897 665 977 725 vna,
995 654 1114 712 contra
1129 642 1282 724 heretici,
1299 663 1340 720 se

116 776 218 840 posso
236 756 287 821 iar
307 755 435 842 alguna
455 777 545 824 cosa.
569 758 609 824 L'
627 758 713 824 altra
731 758 809 823 finir
829 759 862 827 le
882 758 1109 827 exhortationi
1125 761 1132 793 ¹
1155 769 1189 827 et
1210 757 1340 826 scriuer

117 871 260 954 qualche
280 890 362 936 cosa
381 872 446 938 che
465 892 566 957 possa
584 872 734 958 agiuttar
754 874 882 960 alguno
902 875 992 943 nella
1011 872 1235 961 Compagnia.
1258 873 1339 942 Alle

114 984 171 1051 doi
187 1005 266 1052 cose
281 986 328 1051 ho
343 983 542 1053 inclination
557 996 593 1055 et
608 986 732 1069 animo,
750 1009 805 1054 ma
825 987 977 1056 dificulti
997 987 1033 1056 in
1049 999 1137 1057 tutte
1157 988 1213 1055 doi
1228 1009 1290 1075 per
1305 988 1339 1056 la

115 1101 182 1181 etii,
200 1100 260 1166 hoe
274 1105 333 1182 asi,
349 1102 394 1189 69
408 1101 490 1168 anni
506 1100 688 1168 comincati
703 1113 824 1188 questo
840 1125 933 1171 mese
944 1105 969 1186 ’,
984 1112 1020 1173 et
1034 1125 1095 1190 per
1111 1103 1144 1172 le
1155 1101 1339 1190 indisposi-

115 1212 211 1296 tioni,
235 1215 268 1281 le
290 1215 384 1302 quali
404 1217 535 1284 benche
558 1238 627 1284 non
650 1216 747 1283 siano
769 1228 864 1286 tante
883 1239 980 1286 come
1002 1218 1038 1284 in
1061 1217 1172 1298 ltalia,
1190 1238 1246 1284 ma
1265 1240 1337 1285 non

116 1351 292 1398 mancano.
311 1331 355 1398 Et
369 1352 429 1417 per
444 1341 563 1398 contra
578 1331 627 1418 gli
642 1331 786 1400 heretici
804 1336 850 1400 ho
871 1333 1006 1420 propria
1025 1333 1194 1414 dificulta,
1210 1335 1336 1419 perche

114 1445 223 1512 veddo
250 1449 313 1514 che
340 1467 410 1513 non
438 1445 484 1512 mi
510 1467 657 1532 possano
683 1447 765 1516 dare
792 1447 827 1513 in
857 1459 978 1533 questa
1004 1446 1180 1534 prouincia
1206 1446 1262 1514 chi
1289 1447 1336 1514 mi

113 1559 247 1646 agiutti:
266 1570 301 1631 et
315 1560 352 1628 in
368 1561 465 1631 venir
480 1561 608 1648 alguno
623 1562 657 1627 d’
675 1561 770 1629 ltalia
782 1560 811 1628 si
822 1563 964 1649 spendo,¹
977 1573 1012 1631 et
1024 1562 1053 1630 si
1065 1561 1204 1650 pagaria
1220 1563 1254 1630 al
1265 1562 1335 1628 eol·

116 1673 206 1760 legio
220 1695 262 1741 ex
277 1676 521 1742 contributione
530 1678 734 1762 prouinciae
749 1699 793 1764 90
809 1676 920 1743 fiorini
935 1698 996 1764 per
1011 1677 1044 1744 la
1060 1698 1175 1764 spesa‚
1193 1677 1223 1743 si
1238 1697 1337 1746 corne

114 1785 264 1873 intend03
283 1801 317 1859 et
334 1789 423 1858 saria
437 1791 568 1860 incerto
584 1793 648 1858 che
663 1790 834 1874 riuscisse,
847 1812 945 1860 come
960 1791 1118 1860 Saluator
1130 1812 1199 1857 non
1211 1790 1331 1859 riesce.

115 1904 158 1968 Et
172 1908 274 1972 eiiam
290 1927 351 1993 per
366 1904 496 1975 scriuer
511 1905 699 1974 solamente
714 1926 784 1971 non
799 1905 828 1972 si
844 1916 943 1973 troua
958 1928 1026 1991 qua
1041 1905 1194 1986 nissuno,
1208 1907 1335 1992 perche

113 2015 143 2082 si
163 2020 197 2085 ia
218 2042 264 2086 vn
285 2019 450 2107 principio
470 2010 534 2089 che
554 2019 708 2106 perderia
735 2020 759 2086 il
782 2031 896 2107 tempo
923 2022 1002 2107 quel
1024 2023 1088 2090 che
1110 2020 1157 2087 mi
1179 2021 1331 2087 dassero.

115 2131 270 2202 Eduardo
286 2134 414 2202 chami
431 2137 467 2202 fu
483 2136 563 2202 dato
583 2137 604 2203 ὁ
625 2145 721 2202 tanto
740 2137 904 2216 eniermo,
922 2138 986 2203 che
1006 2135 1040 2203 io
1065 2157 1143 2220 may
1158 2136 1204 2202 ho
1224 2136 1333 2202 hauto

113 2248 221 2316 animo
236 2251 452 2344 dicooperar
467 2253 531 2318 che
554 2249 655 2320 stessi
670 2271 736 2318 con
752 2272 861 2332 meco,
879 2273 917 2318 se
932 2273 1002 2318 non
1017 2252 1123 2318 lassar
1144 2251 1205 2316 far.
1226 2252 1293 2318 Per
1308 2249 1331 2315 il

112 2365 278 2433 contrario
292 2369 339 2432 lio
355 2375 390 2432 et
404 2367 450 2433 ho
465 2367 571 2435 hauto
586 2387 632 2432 vn
648 2365 815 2452 principio
834 2367 923 2432 nella
943 2363 1156 2452 Compagnia
1179 2364 1213 2432 di
1234 2366 1286 2432 lar
1306 2364 1330 2431 il

113 2480 233 2566 meglio
248 2484 315 2550 che
330 2481 457 2567 potessi
470 2503 490 2548 a
502 2479 642 2548 seruitio
654 2481 689 2547 di
701 2481 808 2564 lddio,
822 2502 888 2548 con
900 2481 1025 2548 iudicio
1037 2481 1126 2549 della
1137 2491 1236 2548 santa
1247 2481 1332 2548 obe-

113 2591 245 2677 dientia,
268 2597 490 2683 proponendo
515 2617 581 2663 eon
600 2595 816 2664 indiserentia
843 2597 876 2665 le
903 2595 969 2664 mie
996 2594 1217 2662 inclinationi.
1245 2594 1329 2662 Cusl

112 2707 227 2778 adesso
247 2710 283 2777 di
305 2731 399 2778 nouo
419 2731 598 2799 propongo
618 2711 684 2778 alla
705 2714 745 2779 P.
765 2713 808 2779 V.
828 2712 851 2778 il
871 2723 974 2793 tutto,
993 2711 1115 2797 perch&
1132 2709 1173 2776 sii
1188 2709 1331 2797 guidoto

114 2827 255 2892 secondo
270 2827 305 2892 lo
321 2823 442 2912 spiritu
458 2825 547 2894 della
567 2825 791 2913 Compagnia.
810 2827 854 2893 V.
875 2829 914 2894 P.
933 2846 995 2912 per
1012 2847 1107 2892 amor
1127 2825 1182 2894 del
1202 2823 1331 2912 Signor

113 2937 155 3002 mi
169 2939 339 3028 risponda,
356 2940 397 3020 si,
415 2961 437 3006 o
452 2961 508 3021 no;
527 2950 561 3006 et
577 2939 673 3025 pensi
689 2942 753 3006 che
764 2962 832 3006 vna
845 2961 926 3007 cosa
942 2951 977 3006 et
992 2939 1078 3008 altra
1093 2939 1140 3005 mi
1155 2942 1232 3006 sart
1247 2961 1329 3026 gra-

113 3049 233 3121 tissima
249 3055 306 3122 nel
321 3053 460 3142 Signor,
478 3065 513 3122 et
529 3075 597 3120 non
614 3053 690 3120 miri
710 3056 774 3122 che
794 3054 840 3120 mi
860 3053 987 3122 inclino
1006 3077 1028 3120 a
1048 3055 1183 3122 scriuir.
1206 3054 1327 3140 Sappi,

111 3166 226 3252 Padre,
244 3172 311 3239 che
325 3169 372 3236 mi
387 3169 513 3236 inclino
529 3171 563 3236 d'
577 3171 663 3236 altra
676 3179 773 3257 parte
788 3191 888 3236 anon
905 3168 1045 3251 scriue13
1061 3179 1138 3236 ma·
1154 3179 1245 3236 temo
1257 3189 1328 3235 non

111 3299 240 3353 mancat
260 3286 293 3352 al
313 3284 465 3372 miglior3
489 3288 553 3354 ohe
568 3307 605 3353 se
621 3296 744 3370 questo
763 3307 831 3352 non
852 3285 937 3352 iussi
952 3285 968 3328 Β
983 3289 1070 3351 totus
1079 3286 1206 3372 ferrer
1221 3305 1242 3350 a
1257 3305 1327 3350 non

109 3397 242 3468 scriuer.
266 3399 389 3466 Faccia
404 3401 448 3467 V.
468 3403 508 3469 P.
532 3411 567 3467 et
586 3400 633 3466 mi
648 3400 724 3467 dica
743 3400 964 3469 liberamento
981 3399 1141 3484 quelche
1161 3398 1210 3483 gli
1230 3418 1325 3484 pare;

109 3517 227 3594 perche
243 3515 357 3601 quello
376 3514 520 3602 pigliard
536 3515 569 3582 io
588 3536 686 3584 come
704 3536 747 3581 ex
767 3536 825 3581 ore
841 3514 911 3595 X.¹',
928 3515 988 3601 qui
1007 3520 1057 3580 est
1071 3515 1168 3579 Deus
1190 3511 1326 3578 bemi-

111 3631 177 3694 cius
191 3631 228 3696 in
244 3631 369 3697 secula.
385 3632 509 3697 Amen.
529 3629 586 3700 Gli
603 3630 679 3697 libri
694 3631 767 3696 mic
781 3629 968 3698 seruiriano
983 3649 1044 3716 per
1059 3648 1205 3714 occupat
1221 3628 1289 3694 ben
1302 3625 1326 3692 il

112 3749 228 3831 tempo,
248 3755 282 3812 et
297 3745 389 3832 dipoi
401 3767 461 3832 per
473 3747 591 3813 Roma.
604 3748 682 3813 Non
695 3766 832 3813 occorre
844 3746 929 3812 altro
940 3767 1002 3831 per
1014 3754 1146 3830 questa.
1159 3742 1185 3808 ll
1197 3741 1326 3829 Signor

111 3873 234 3938 persua
244 3861 476 3929 misericordia
485 3861 660 3949 augmenti
669 3883 801 3948 sempre
811 3861 859 3947 gli
869 3861 920 3928 soi
930 3859 1019 3927 santi
1031 3859 1112 3926 doni
1124 3859 1213 3927 nella
1226 3861 1266 3926 P.
1281 3859 1323 3925 V.

110 3989 164 4052 per
178 3975 271 4041 molti
287 3976 367 4043 anni
381 3998 402 4043 a
417 3976 573 4063 maggior
588 3975 698 4063 gloria
712 3976 747 4041 di
763 3998 825 4042 sua
836 3975 953 4042 diuina
965 3975 1047 4042 Mra.
1061 3985 1095 4043 et
1112 3973 1246 4060 magior
1256 3972 1325 4041 ben

110 4105 298 4128 ἡ“----------

155 4188 172 4221 ⁸
198 4179 262 4236 Hoc
279 4181 367 4235 verb.
388 4197 476 4252 supra
493 4196 571 4236 vers.
590 4179 701 4236 addidit
718 4178 815 4235 N,-u
830 4176 970 4252 Sequitur
986 4183 1064 4234 tutio
1082 4177 1326 4233 obliteratum.-

108 4271 121 4302 ⁰
133 4264 194 4324 Hoc
206 4269 289 4326 verb.
303 4286 392 4342 supra
405 4285 487 4324 vers.
504 4267 616 4324 addidit
628 4268 666 4322 N.

110 4365 298 4385 ⁵—un—-n

155 4417 163 4450 ¹
200 4419 260 4476 Has
272 4420 492 4477 exhortationes
505 4418 625 4475 minime
638 4417 775 4475 absolvit.
789 4417 896 4490 Aliqua
908 4415 945 4473 de
958 4417 1016 4474 illis
1034 4417 1214 4488 attingemus
1230 4414 1262 4471 in
1278 4415 1325 4470 ul·

107 4501 173 4560 limo
183 4510 342 4575 volumine,
357 4510 423 4565 Deo
436 4509 575 4579 juvante.

108 4599 165 4736 ω’
182 4597 293 4740 Illlvnltus
317 4597 373 4654 fuit
397 4596 511 4654 Natalis
535 4595 583 4652 die
609 4608 640 4651 11
668 4595 797 4667 Augusti
820 4611 898 4651 anno
928 4607 1005 4664 1507.
1031 4593 1107 4650 Vide
1133 4595 1231 4667 Epist.
1258 4592 1321 4648 Na·

151 4723 169 4753 .,
198 4727 206 4757 ,
253 4729 259 4742 .
