3456 5386
638 497 654 552 4
674 481 751 551 Man
774 483 843 553 1566
1281 482 1318 553 ⁸9

130 634 160 702 in
174 633 314 722 imperio
329 635 555 704 confirmatae
570 638 721 718 fuerunt,
740 636 776 704 in
791 639 857 704 hoc
874 635 948 725 ipso
964 657 1101 706 recessu
1117 655 1251 703 rursum
1268 657 1353 704 con-

131 751 351 832 firmarentur,
375 774 419 818 an
441 751 581 835 idcirco,
599 752 691 837 quod
712 753 756 820 ad
775 750 962 820 catholicos
977 753 1115 833 attinet,
1133 751 1353 838 dogmatibus

130 867 253 954 concilij
272 867 450 937 tridentini
465 866 774 956 praejudicaretur?

190 983 320 1050 Contra
340 983 444 1051 huius
459 983 593 1068 concilij
614 984 795 1070 dogmata,
814 1003 903 1068 quae
923 982 1004 1050 fidei
1023 1005 1099 1052 esse
1113 983 1349 1071 intelligimus

132 1099 196 1167 fieri
212 1101 267 1168 uel
284 1098 510 1186 praeiudicari
527 1121 595 1166 non
611 1096 760 1179 videtur,
779 1097 807 1164 si
824 1119 892 1185 pax
907 1097 942 1164 in
958 1097 1192 1185 superioribus
1207 1098 1350 1167 recessi·

131 1216 188 1282 bus
202 1216 403 1297 constituta,
422 1236 515 1282 nunc
530 1214 652 1284 iterum
668 1214 937 1294 confirmaretur,
957 1215 1039 1280 dum
1059 1213 1264 1282 Germaniae
1280 1225 1352 1282 sta-

130 1342 178 1397 tus
191 1331 225 1396 in
242 1330 296 1398 his
313 1331 417 1398 tantis
432 1330 581 1418 dissidijs
595 1329 748 1417 grauiter
763 1351 845 1398 sane
861 1331 1002 1396 laborat.

186 1446 318 1514 Deinde
333 1447 363 1513 si
380 1446 534 1516 adiectae
549 1445 629 1513 huic
645 1446 720 1532 paci
735 1445 948 1515 conditiones
963 1445 1211 1532 expendantur,
1229 1443 1352 1514 viden·

129 1562 274 1630 turillae
301 1584 421 1631 omnes
444 1573 600 1630 constare
626 1582 705 1628 cum
728 1559 829 1628 dictis
852 1561 1070 1648 dogmatibus
1097 1561 1248 1647 concilij,
1272 1582 1350 1628 cum
1431 1555 1435 1562 ’

130 1699 236 1745 earum
253 1680 345 1744 nulla
361 1689 482 1744 contra
496 1676 701 1744 catholicum
718 1679 858 1762 dogma,
880 1676 916 1742 in
932 1678 1053 1744 eodem
1068 1675 1211 1743 concilio
1227 1676 1348 1745 defini-

133 1803 209 1873 tum,
225 1795 337 1860 facere
353 1793 522 1859 uideatur.
542 1794 580 1858 ln
596 1791 721 1878 quibus
737 1792 874 1877 quidem
895 1791 1147 1858 conditionibus
1163 1790 1254 1859 aliud
1275 1812 1350 1859 esse

131 1906 207 1973 nihil
232 1908 470 1994 intelligimus
493 1919 730 1994 praeterquam
751 1906 1023 1994 permissionem,
1046 1905 1349 1974 dissimulationem

134 2024 371 2092 ecclesiasticae
380 2021 687 2102 iurisdictionis,ac
695 2022 779 2089 iuris
788 2021 890 2088 etiarn
901 2019 1083 2108 imperialis
1091 2019 1196 2090 debiti
1203 2041 1350 2106 suspen-

134 2137 265 2207 sionem.
284 2141 384 2224 Quae
399 2137 524 2219 media,
544 2140 586 2204 ab
603 2137 808 2224 aduersarijs
824 2138 977 2219 obtrusa,
995 2134 1123 2203 idcirco
1139 2158 1159 2202 a
1174 2135 1350 2202 catholicis

134 2265 295 2340 acceptata
310 2253 483 2334 videntur,
502 2265 540 2320 ut
555 2254 663 2321 durae
677 2264 713 2320 et
728 2251 917 2321 ineuitabili
933 2250 1127 2320 necessitati
1144 2262 1347 2345 temporum,

134 2379 163 2434 et
173 2369 384 2436 sectariorum
397 2367 627 2455 peruersitati,
637 2369 680 2434 ad
693 2379 828 2453 tempus
839 2368 992 2448 cedatur;
1005 2378 1110 2452 utque
1120 2365 1248 2434 maiora
1260 2367 1350 2432 mala

134 2483 303 2564 enitentur,
318 2505 397 2551 cum
411 2482 637 2570 grauissimus
652 2493 776 2562 metue,
791 2481 898 2568 quiin
910 2481 1004 2548 viros
1016 2491 1214 2550 constantes
1227 2483 1349 2549 cadere

135 2611 265 2682 poterat,
281 2599 363 2687 ipsis
380 2598 557 2667 uideretur
572 2597 724 2684 consilijs
741 2597 938 2667 melioribus
949 2600 1063 2665 locum
1076 2619 1144 2664 non
1158 2596 1346 2682 reliquisse.

193 2716 356 2800 Quoniam
368 2737 453 2782 uero
465 2716 649 2782 nonnullae
661 2714 872 2801 suspiciones
885 2726 920 2782 et
936 2712 1228 2799 praesumptiones
1241 2713 1349 2779 malae

136 2829 312 2897 huiusmodi
319 2831 396 2919 paci
406 2829 550 2916 eiusque
560 2829 813 2897 conditionibus
821 2839 965 2915 possunt
975 2827 1113 2914 opponi,
1123 2850 1167 2896 ne
1176 2838 1350 2913 praeterea

138 2945 266 3012 concilio
278 2945 465 3013 tridentino
478 2945 609 3012 ratione
622 2945 692 3011 ulla
703 2943 927 3030 praeiudicari
937 2943 1105 3023 videatur,
1117 2943 1217 3010 ualde
1228 2953 1350 3030 optan-

138 3059 208 3125 dum
222 3073 254 3130 et
268 3061 407 3128 omnino
422 3061 614 3128 curandum
636 3059 789 3140 uidetur,
807 3069 846 3125 ut
867 3059 903 3124 in
923 3061 989 3125 hoc
1009 3070 1187 3145 postremo·
1198 3079 1347 3136 recessu,

138 3193 205 3242 cum
228 3175 385 3244 catholici
412 3175 539 3244 dictam
563 3196 681 3262 pacem
709 3176 910 3242 confirmare
933 3173 1123 3258 uoluerint,
1153 3194 1348 3259 expressam

138 3291 323 3360 mentionem
340 3303 376 3359 et
388 3291 635 3378 professionem
652 3289 778 3357 iaciant
795 3291 994 3376 dogmatum
1011 3287 1144 3373 concilij
1158 3287 1346 3356 tridentini.

191 3408 304 3494 Neque
321 3429 441 3494 parum
459 3407 561 3474 refert
577 3407 678 3487 illud,
697 3416 747 3488 ut,
766 3427 854 3491 quae
870 3415 1066 3473 statuentur
1080 3404 1124 3471 de
1139 3425 1236 3490 pace,
1255 3403 1347 3468 affir-

139 3523 260 3604 natiue,
279 3522 410 3608 reliqua
426 3542 509 3590 uero
529 3523 572 3588 de
594 3521 864 3603 conditionibus,
883 3519 1007 3604 quibus
1027 3517 1186 3586 catholici
1209 3517 1351 3604 grauari

141 3634 339 3718 videbuntur,
358 3657 429 3704 non
444 3635 510 3704 nisi
529 3635 692 3724 negatiue
715 3635 954 3716 enuncientur,
973 3644 1011 3700 ut
1035 3635 1162 3702 factum
1183 3629 1348 3718 permitti,

141 3753 268 3820 nonius
292 3755 348 3822 uel
373 3752 529 3838 potentia
555 3750 659 3818 statui
686 3751 854 3818 videatur.
880 3750 940 3819 Sic
965 3749 1057 3816 enim
1085 3757 1177 3816 recte
1204 3745 1350 3813 dicetur:

141 3887 240 3950 pacem
253 3867 481 3950 seruabimus,
500 3877 714 3953 augustanae
729 3865 953 3934 confessionis
973 3862 1128 3931 homines
1152 3883 1221 3928 non
1242 3861 1351 3927 mole-

140 3983 296 4066 stabimus,
313 3981 584 4050 iurisdictionem
601 4003 670 4048 non
687 3980 933 4063 exercebimus
952 3990 1065 4047 stante
1082 3999 1165 4064 pace
1180 3988 1248 4044 etc.

140 4163 176 4212 tur
185 4161 332 4232 augustani
346 4159 566 4216 informaretur.
581 4157 696 4231 Scripta
711 4167 780 4214 sunt
793 4157 891 4214 omnia
904 4159 942 4213 ab
955 4155 1060 4212 eodem
1070 4155 1184 4212 Natalis
1195 4171 1351 4211 amanuen-

140 4259 164 4299 te
173 4247 203 4302 P.
219 4249 360 4321 Jinrenez,
375 4248 505 4321 demptis
517 4248 576 4304 illis
589 4247 859 4320 protestationibus,
875 4245 1014 4301 adfinem
1028 4243 1210 4316 singulorum
1229 4243 1351 4314 scripto·

135 4349 185 4390 run
195 4337 307 4410 additis,
320 4355 383 4395 sc.:
397 4337 483 4393 Haec
500 4356 520 4392 a
533 4337 616 4392 nobis
634 4337 717 4392 dicta
734 4337 796 4390 sint
807 4339 836 4391 et
847 4333 978 4407 subjecta
993 4339 1168 4390 reuerentar
1182 4333 1216 4389 S.
1233 4331 1352 4388 domini

138 4427 218 4482 mre
231 4433 257 4484 el
275 4429 309 4487 S.
329 4429 411 4484 sadis
434 4427 665 4500 apostolicae...
687 4434 750 4481 etc.
774 4441 850 4498 quae
868 4430 937 4480 sunt
955 4422 1068 4479 Canisii
1087 4440 1174 4478 manu
1196 4429 1345 4478 exaratae.

138 4509 353 4589 subscriptiones
372 4514 500 4581 Natalis,
523 4513 635 4570 Canisii
652 4523 684 4569 et
705 4513 868 4569 Ledesmae
891 4519 960 4568 sunt
981 4513 1194 4584 autographae.
1216 4508 1298 4565 Folia
1321 4515 1351 4562 et

138 4602 239 4674 Minas
254 4605 385 4662 numeris
403 4602 599 4660 crassioribus
617 4611 764 4660 notamus.
786 4603 821 4659 In
839 4601 970 4673 margine
991 4600 1077 4673 primi
1095 4598 1276 4668 documenti,
1294 4595 1351 4652 alia

138 4705 219 4748 manu:
232 4711 251 4764 4
263 4695 341 4768 maji
353 4693 443 4765 1566.
