3482 5386
656 525 823 584 Areuuunr
1261 528 1315 599 769

120 681 213 763 Pays
230 679 238 712 ¹
252 687 288 756 ²,
306 679 371 744 M?
387 675 503 742 Pietro
520 678 680 763 hungaro
691 677 717 757 ¹,
736 687 802 743 etc.
818 675 856 745 Si
877 678 1001 744 mando
1015 677 1040 743 il
1058 681 1097 744 P.
1118 677 1234 745 Pietro
1250 680 1350 764 pochi

119 765 237 854 giorni
250 765 340 850 dipoi
352 788 372 832 a
384 765 558 844 Tirnauia,
569 767 660 833 doue
673 767 747 831 sara
760 768 869 854 (come
881 766 927 832 mi
941 769 1119 852 persuado)
1133 769 1237 834 molto
1249 778 1350 853 grato

119 866 154 922 et
168 855 257 923 vtile
270 856 302 920 al
318 875 382 920 suo
399 855 535 940 populo.
555 856 580 920 ll
599 857 638 920 P.
658 855 791 934 Natale,
807 857 966 923 hauendo
982 878 1050 941 qua
1062 855 1157 923 finita
1173 857 1204 923 la
1220 878 1282 922 sua
1296 857 1346 924 vi·

120 943 283 1012 sitatione
298 943 334 1009 in
350 953 472 1028 questo
487 943 646 1029 collegio,
664 942 693 1008 si
710 943 833 1028 partiri
849 944 994 1012 domane
1016 967 1036 1011 o
1060 944 1177 1012 lunedl
1196 947 1255 1030 per
1271 946 1349 1012 Tir-

119 1032 226 1100 nauia
243 1053 309 1098 con
324 1031 348 1096 il
366 1034 404 1098 P.
421 1033 573 1098 Lorenzo
591 1030 743 1118 MaggiO,
758 1031 937 1117 designato
952 1033 1162 1118 prouinciale
1177 1033 1212 1099 di
1228 1045 1350 1119 questa

118 1121 309 1206 prouincia,
328 1122 473 1186 essendo
488 1121 658 1187 destinato
674 1119 707 1184 io
724 1141 784 1205 per
800 1122 1007 1204 Oeniponto,
1025 1145 1081 1189 ma
1102 1145 1161 1210 per
1177 1126 1256 1207 qual
1272 1125 1349 1189 olfi-

118 1211 184 1290 ci0,
203 1211 240 1276 io
256 1231 325 1276 non
342 1210 376 1274 lo
391 1229 442 1275 so.
462 1211 677 1276 Pretendeua
689 1208 712 1273 il
723 1211 819 1275 detto
833 1211 943 1276 Padre
960 1212 1026 1279 che
1042 1211 1076 1277 io
1087 1211 1196 1296 putria
1207 1221 1297 1277 stare
1310 1213 1346 1293 li,

118 1321 179 1384 per
194 1299 305 1384 suplir
321 1295 345 1362 il
362 1299 466 1382 luogo
482 1297 516 1362 di
533 1300 728 1366 confessore
743 1299 832 1366 delle
849 1298 979 1383 regine;
998 1321 1052 1365 ma
1068 1321 1128 1385 per
1145 1322 1212 1365 vna
1227 1300 1348 1367 lettera

118 1392 181 1454 che
198 1389 237 1456 S.
255 1390 296 1453 R.
315 1385 423 1470 hoggi
439 1389 481 1451 ha
499 1385 654 1452 riceuuta
669 1387 754 1452 d'un
774 1387 956 1453 caualliero
976 1388 1011 1454 di
1028 1411 1102 1456 esse
1117 1388 1249 1474 regine,
1267 1411 1348 1474 pare

118 1480 183 1546 che
199 1499 271 1542 non
287 1475 317 1541 si
333 1475 401 1560 pud
417 1475 594 1560 esseguire
610 1485 733 1560 questo
748 1474 934 1560 disegno...

704 1646 772 1712 XX

251 1775 440 1852 chANUS
459 1775 509 1830 ET
528 1773 761 1832 CAPITULUM
780 1775 999 1832 ECCLESIAE
1018 1777 1218 1832 SPIRENSIS

397 1912 561 1959 SANCTO
593 1913 832 1961 FRANCISCO
865 1915 916 1960 DE
948 1915 1079 1975 BORJA

484 2022 615 2110 Spirae,
635 2043 675 2107 14
690 2025 843 2111 Augusti
864 2027 947 2110 1566
960 2027 984 2092 ⁸.

233 2159 427 2214 Conditionas
436 2160 495 2229 pro
509 2157 665 2212 Societatis
677 2157 999 2231 collegiiiusiitutiona
1008 2161 1233 2231 proponuntur.

186 2279 210 2364 †
235 2273 437 2356 Reuerende
458 2275 571 2340 Pater.
595 2274 673 2339 Non
694 2273 890 2338 dubitamus
906 2276 947 2339 T.
968 2277 1006 2340 P.
1027 2275 1150 2359 elapsis
1171 2275 1345 2342 mensibus

120 2365 298 2432 certiorem
316 2366 440 2429 factam
457 2384 517 2448 per
534 2364 652 2428 Patres
666 2363 838 2430 rhenanae
854 2361 1062 2447 prouinciae,
1080 2385 1148 2446 qua
1163 2364 1345 2433 occasione

122 2457 159 2520 D.
176 2456 397 2522 Lanrbertum
408 2452 433 2530 ⁴,
448 2449 551 2518 uestri
561 2449 718 2516 instituiti
730 2449 801 2538 [sic]
813 2452 1048 2535 professorem,
1062 2451 1206 2537 primum
1218 2477 1238 2520 a
1248 2455 1340 2520 Rmo

121 2554 154 2608 et
176 2545 284 2610 lllrno.
308 2543 455 2626 electore
471 2538 674 2625 moguntino
703 2538 968 2623 ⁵petiuerimuS,
994 2541 1135 2624 eiusque
1158 2563 1342 2624 consensu,

123 2643 295 2700 annuente
311 2629 415 2698 etiam
427 2627 565 2694 domino
577 2627 788 2712 prouinciali,
807 2631 973 2694 hactenus
986 2629 1019 2694 in
1032 2629 1255 2697 concionibus
1268 2643 1345 2697 uta·

124 2743 210 2787 mur.
230 2719 325 2789 Certi
340 2717 442 2784 etiam
458 2738 576 2782 sumus
593 2719 633 2782 T.
655 2719 694 2782 P.
715 2717 949 2802 perscriptum,
964 2720 1249 2802 quemadmodum
1266 2741 1344 2786 curn

126 2821 271 2894 utroque
289 2812 390 2875 Patre
405 2805 440 2870 in
456 2805 604 2889 capitulo
616 2815 732 2870 nostro
748 2805 888 2872 consilia
903 2807 1160 2886 contulerimus
1175 2818 1345 2875 tractaue—

125 2899 297 2984 rimusque
313 2919 382 2962 non
398 2895 516 2975 semel,
534 2903 573 2959 ut
588 2893 768 2961 Societatis
780 2895 937 2962 homines
949 2895 1079 2980 aliquot
1090 2897 1223 2982 Spiram
1237 2899 1346 2962 addu-

125 3007 290 3065 ceremus,
323 2984 381 3069 qui
412 2983 589 3051 ecclesiam
621 2983 849 3066 praedicando
880 2994 914 3051 et
944 2985 1158 3052 iuuentutem
1191 2987 1347 3054 docendo

125 3073 239 3144 iuuare
257 3083 408 3160 possent.
424 3073 497 3138 Nec
514 3071 548 3136 in
565 3071 664 3137 nobis
679 3093 761 3138 saue
777 3071 883 3151 stetit,
900 3094 962 3138 cur
974 3073 1087 3140 minus
1103 3073 1214 3140 omnia
1231 3075 1345 3140 statim

124 3167 319 3232 efferremus
345 3160 699 3244 constitueremusque
729 3159 824 3226 iuxta
854 3160 1000 3226 instituti
1033 3161 1137 3229 uestri
1168 3163 1346 3229 laudabilis

124 3274 260 3321 morem.
280 3249 391 3318 Vicini
409 3249 444 3314 in
460 3269 564 3315 causa
580 3259 673 3330 sunt,
691 3249 759 3314 imo
775 3250 935 3334 oppidani
950 3260 985 3317 et
1001 3250 1105 3316 ciues.
1126 3250 1172 3316 Hi
1190 3251 1345 3318 nonnihil

123 3347 310 3420 retrahunt,
328 3351 363 3406 et
379 3337 544 3404 tardiores
557 3359 620 3403 nos
634 3338 799 3416 fecerunt,
815 3359 924 3421 eoque
935 3339 1179 3423 cogitationem
1195 3350 1345 3406 nostram

123 3435 365 3514 perduxerunt,
395 3427 486 3511 quod
518 3448 700 3493 numerum
732 3427 895 3510 exiguum
928 3427 1148 3512 petiuerimus
1180 3429 1343 3513 proxime,

124 3519 335 3586 obseruaturi
350 3517 505 3602 quisnam
523 3536 726 3601 progressus
747 3517 975 3600 undequaque
997 3517 1132 3582 futurus
1149 3529 1256 3596 esset,
1276 3539 1345 3602 quo

126 3607 281 3694 deinceps
309 3605 443 3690 plenius
471 3602 584 3671 omnia
612 3615 646 3671 et
673 3604 858 3688 perfectius
885 3604 1184 3672 constituerentur.
1215 3607 1345 3672 Verum

126 3711 198 3764 cum
215 3695 446 3780 intelligamus
463 3693 558 3778 leges
579 3692 857 3778 congregationis
878 3703 1029 3775 uestrae,
1049 3715 1088 3760 ac
1104 3693 1254 3764 rationes
1270 3715 1343 3763 cer-

126 3785 279 3865 tissimas,
298 3783 422 3870 quibus
438 3781 591 3848 sancitae
607 3792 699 3860 sunt,
718 3804 788 3848 non
805 3782 905 3861 ferre,
923 3793 962 3847 ut
977 3783 1211 3867 imperfectum
1224 3783 1347 3850 huius·

127 3875 212 3942 modi
238 3896 325 3960 opus
341 3871 526 3956 accipiatis,
556 3871 716 3954 quodque
731 3871 866 3936 firmum
889 3891 929 3937 ac
950 3873 1036 3938 adeo
1059 3882 1259 3958 perpetuum
1277 3895 1345 3938 non

125 3963 176 4044 sit,
193 3967 309 4031 denuo
328 3965 392 4028 hac
408 3961 481 4046 ipsa
497 3960 540 4026 de
564 3980 600 4026 re
620 3958 655 4024 in
678 3959 831 4046 generali
852 3959 1122 4046 congregatione
1141 3971 1175 4028 et
1196 3960 1346 4048 capitulo

174 4179 190 4211 ²
217 4167 277 4236 Sic,
292 4183 344 4240 pro
351 4165 491 4237 jimenez
503 4169 531 4218 et
545 4165 624 4220 Paez
638 4164 749 4235 (Paes).

129 4279 320 4292 ·---.-..-———-

174 4339 181 4370 ¹
220 4337 367 4392 Henricus
385 4335 461 4390 Paez
477 4333 587 4404 (Paes).
962 4339 973 4370 ⁹
1011 4336 1116 4392 Petrus
1130 4337 1273 4391 Hernath.

36 4491 38 4516 Ι
173 4429 184 4460 ⁵
218 4429 264 4482 Ex
277 4427 445 4497 archetypo,
461 4423 491 4478 in
507 4423 581 4478 Cod.
600 4439 647 4494 43,
663 4423 772 4496 duplici
785 4424 855 4496 fol.,
871 4438 922 4480 110
936 4426 1027 4494 (260).
1044 4427 1120 4482 Vide
1133 4443 1201 4498 pag.
1224 4424 1266 4496 133
1283 4437 1344 4496 1173

36 4535 38 4588 ÷
129 4511 852 4661 ¹²⁷2'⁴13³filltl.{⁸l.12⁰³.‡lt⁵.i{ll?
867 4514 990 4659 ”llll
1007 4515 1058 4588 ‘²¹’
1072 4516 1137 4570 VH·

178 4697 188 4732 ³
225 4647 330 4750 Daniel
344 4690 470 4748 Brendel
483 4692 521 4747 ab
534 4643 703 4764 llornburg.
751 4619 771 4673 g
836 4619 873 4674 og
977 4645 984 4660 ¹

257 4819 347 4864 Errrr.
361 4817 390 4864 P.
405 4817 429 4863 N
431 4828 508 4872 nonu,
521 4829 578 4862 rou.
594 4817 638 4863 111.
