3414 5374
405 517 441 574 28
460 520 605 576 Auousn
623 531 665 575 nr
682 533 718 574 22
737 519 935 578 Snnnnnoms
955 533 1023 591 ¹574
1236 520 1289 591 673

172 673 200 738 A
220 677 326 760 tergo,
344 671 484 738 Natalis
500 693 619 738 manu:
635 671 657 749 †
673 671 829 757 Negocio
845 695 906 760 per
920 673 954 739 la
973 672 1189 740 serenissima
1204 673 1323 760 regina

118 787 318 872 Magdalena.
346 787 532 872 Inscriptio
559 787 598 852 in
625 791 750 873 quarta
766 789 914 874 pag-ina,
931 788 1071 854 Natalis
1091 811 1215 854 manu:
1235 789 1257 876 †
1278 790 1324 856 Al

117 902 210 968 molto
229 902 314 969 Rdo.
334 903 373 968 Ρ.
390 903 434 969 Ν.
453 902 489 968 in
510 902 575 970 X.⁰
591 902 615 968 il
637 904 678 968 P.
703 903 876 969 Euerardo
897 903 1127 984 Mercuriano‚
1149 904 1321 990 preposito

119 1017 244 1102 general
259 1017 349 1083 della
372 1016 585 1104 Compagnia
604 1015 638 1083 di
655 1019 739 1105 Jesit
754 1027 821 1083 etc.
844 1017 965 1085 Roma.
984 1019 1065 1085 Alia
1083 1041 1205 1085 manu:
1226 1035 1320 1103 1574.

119 1131 207 1198 Hala.
227 1133 267 1198 P.
282 1133 396 1212 Natal‚
415 1147 457 1215 25
473 1132 516 1199 de
533 1134 680 1218 Agosto.
708 1189 711 1198 ,

678 1326 761 1388 Ml!

412 1449 445 1506 Ρ.
466 1451 707 1507 EVERARDUS
726 1449 1012 1508 MERCURIANUS

351 1568 510 1634 PATRI
538 1568 859 1635 HIERONYMO
887 1569 1071 1636 NADAL

491 1713 612 1772 nonen,
626 1699 660 1756 28
679 1713 817 1756 nnousn
832 1713 901 1770 1574
916 1704 936 1757 ¹.

467 1883 470 1894 Ι
571 1817 713 1888 Epistola
725 1816 866 1889 officiosa.
916 1825 918 1832 ’

172 1942 217 2010 Mi
232 1963 296 2010 son
317 1944 423 2009 molto
443 1944 617 2010 consolato
644 1943 699 2012 nel
727 1942 873 2030 Signore
900 1941 1109 2012 intendendo
1130 1966 1192 2030 per
1212 1947 1324 2030 quella

114 2057 191 2124 della
206 2060 247 2126 R.
272 2059 314 2126 V.
340 2058 419 2127 delli
440 2077 482 2125 22
508 2059 563 2126 del
582 2068 718 2145 passato
745 2059 808 2125 che
831 2079 906 2125 essa
932 2079 1017 2126 anco
1044 2058 1073 2124 si
1100 2057 1219 2126 ritroui
1240 2060 1321 2128 nell'

10 2173 11 2194 ³
114 2171 226 2240 istesso
246 2173 394 2260 Signore
413 2174 598 2256 consolata,
621 2185 656 2242 et
683 2183 811 2259 quanto
837 2175 902 2240 alla
929 2173 1038 2240 sanitd
1064 2175 1188 2260 meglio
1208 2177 1264 2240 ch'
1286 2175 1322 2242 in

114 2289 211 2356 Roma
225 2301 261 2357 et
276 2291 332 2356 ch’
350 2289 385 2355 in
401 2290 524 2356 Tiuoli.
545 2289 686 2356 Piacerd
702 2311 722 2355 a
738 2290 810 2357 Sua
824 2286 941 2354 diuina
955 2289 1039 2357 Mtt.
1058 2289 1142 2354 darli
1159 2289 1250 2356 forze
1262 2313 1323 2376 per

111 2405 295 2491 adoperarle
311 2427 332 2471 a
347 2426 408 2472 sua
423 2404 580 2492 maggior
595 2404 715 2491 gloria.
734 2407 770 2470 Io
787 2404 832 2469 mi
847 2403 980 2471 ricordo
995 2405 1030 2471 di
1046 2403 1100 2487 lei,
1119 2416 1154 2473 et
1169 2427 1238 2472 non
1254 2407 1318 2472 du-

110 2518 172 2586 bito
186 2523 251 2590 che
268 2521 300 2587 fa
316 2519 340 2586 il
355 2521 540 2590 medesimo
551 2521 586 2587 di
603 2543 658 2589 me
670 2521 757 2587 nelle
769 2541 831 2589 sue
843 2519 987 2586 orationi
1002 2531 1037 2588 et
1048 2521 1137 2587 santi
1149 2520 1316 2588 sacrificii.

111 2634 294 2703 Parimente
308 2639 355 2702 m’
373 2637 391 2703 ὲ
411 2658 491 2704 cosa
512 2635 705 2722 gratissima
726 2637 781 2702 ch'
803 2635 827 2700 il
844 2637 953 2702 Padre
979 2639 1107 2704 rettore
1133 2636 1167 2702 di
1187 2647 1318 2704 cotesto

109 2751 244 2837 collegio
259 2753 271 2785 ¹
288 2751 392 2818 habbi
407 2751 535 2838 special
549 2773 631 2818 cura
647 2751 735 2817 della
751 2773 894 2837 persona
909 2749 943 2816 di
956 2754 999 2818 V.
1019 2753 1075 2832 R.‚
1093 2751 1213 2838 poiche
1225 2753 1249 2817 l'
1263 2753 1318 2820 etd

110 2875 140 2931 et
153 2865 389 2953 indisposition
408 2889 471 2934 sua
490 2866 658 2934 ordinaria
680 2867 704 2931 il
730 2865 869 2935 ricerca.
897 2869 939 2933 V.
960 2868 1001 2934 R.
1024 2867 1068 2933 da
1087 2878 1184 2952 parte
1204 2867 1271 2934 mia
1286 2869 1318 2936 le

111 2979 159 3046 dia
176 2983 207 3050 le
226 2982 293 3052 mie
313 2982 620 3050 raccomandationi
642 2991 676 3050 et
696 2982 838 3050 insieme
857 3005 878 3048 a
901 2981 981 3048 tutti
994 2981 1043 3069 gli
1064 2982 1141 3050 altri
1162 2983 1264 3050 Padri
1285 2993 1319 3052 et

111 3093 237 3181 fratelli,
254 3109 320 3166 etc.
339 3098 383 3166 Di
397 3099 516 3181 Roma,
534 3121 554 3165 a
569 3097 604 3165 di
622 3099 663 3163 28
680 3097 715 3163 di
727 3098 861 3184 Agosto
881 3113 976 3181 1574.

562 3337 565 3342 ,
671 3265 764 3326 oon

429 3387 469 3451 P.
496 3385 805 3452 HIERONYMUS
829 3385 993 3450 NADAL

342 3506 470 3562 PATRI
497 3505 747 3564 EVERARDO
777 3503 1080 3563 MERCURIANO

454 3628 572 3684 neten,
592 3628 627 3668 22
645 3626 841 3672 snmnnoms
862 3625 930 3682 1574
943 3615 965 3668 ³.

107 3743 133 3785 1.
149 3732 320 3803 Praepositi
334 3731 490 3804 generalis
501 3732 612 3786 littorio
628 3731 875 3786 consolatum-2.
894 3730 1053 3785 Librorum
1060 3731 1211 3803 penuriae
1220 3749 1321 3814 occur-

138 3841 203 3879 me
227 3823 394 3896 satagit-
408 3837 433 3892 3.
458 3821 515 3876 Sui
535 3822 656 3876 itineris
676 3826 820 3892 expensae
840 3837 861 3874 a
882 3820 988 3890 quibus
1008 3821 1166 3876 solvendae
1191 3821 1253 3875 sint
1274 3841 1323 3877 ex-

140 3911 244 3982 quirit.

174 4047 202 4098 1.
251 4029 397 4120 †Molto
413 4029 499 4096 Rdo.
519 4029 559 4094 P.
577 4029 620 4094 N.
640 4026 675 4092 in
691 4027 756 4093 X.⁰
773 4029 845 4093 Pax
861 4024 919 4092 X.¹
937 4027 995 4092 Ho
1011 4036 1191 4094 resceuuto
1207 4030 1322 4112 quella

107 4146 190 4214 della
206 4150 246 4215 P.
265 4149 309 4214 V.
328 4143 364 4211 di
379 4145 421 4212 28
437 4144 472 4210 di
489 4145 634 4230 Agosto.
653 4144 768 4222 Certo,
788 4141 916 4223 Padre,
935 4163 972 4210 se
992 4141 1025 4208 io
1046 4164 1114 4208 non
1136 4143 1221 4210 sussi
1242 4145 1317 4212 cusi

106 4305 298 4316 u—--—n—-·-—

155 4389 163 4420 ¹
200 4389 244 4443 Ex
264 4389 411 4459 Regesm,
436 4384 509 4442 Cod.
534 4400 566 4454 33
587 4385 634 4456 j),
657 4383 707 4439 iol.
733 4397 775 4453 14.
799 4385 833 4439 In
856 4382 1005 4455 margine:
1031 4383 1069 4440 P.
1097 4383 1218 4441 Notata.
1242 4384 1321 4440 Vide

106 4477 186 4548 epist.
201 4489 264 4548 559,
278 4478 326 4533 cui
339 4477 411 4532 haec
425 4474 593 4548 respondet.

152 4571 163 4602 ³
199 4567 483 4624 MathiasLackner.

153 4657 165 4689 ²
201 4657 244 4711 Ex
257 4657 448 4728 autographo,
462 4654 493 4710 in
506 4653 603 4724 Epist.
618 4652 735 4716 Natat„
749 4651 789 4723 ΙΙ,
802 4651 912 4724 duplici
925 4651 987 4718 fol„
1003 4665 1055 4723 219
1068 4652 1143 4724 (190,
1159 4657 1230 4722 191).
1246 4652 1324 4710 Vide

108 4743 190 4815 epist.
204 4745 266 4816 561,
279 4745 328 4800 cui
341 4745 414 4800 haec
428 4741 598 4815 respondet.

234 4841 322 4889 Emt.
336 4839 364 4888 P.
381 4841 484 4898 Neon,
498 4851 555 4885 rou.
571 4838 617 4884 111.
1170 4840 1199 4885 43
