3482 5386
422 499 480 572 74⁶
808 501 914 556 Errsr.
934 500 968 556 P.
987 500 1191 558 Nurac-620

457 653 645 739 Inscriptio
658 655 696 720 in
711 657 837 740 quarta
847 655 996 741 pagina,
1008 654 1080 719 alia
1094 673 1215 720 mamc-
1230 653 1254 741 †
1269 653 1469 722 Admodum
1482 651 1618 722 Rdoln

389 769 531 840 Christo
547 767 641 838 Patri
656 779 774 837 nostro
790 771 830 836 P.
849 768 1026 838 Eucrardo
1042 767 1269 850 Mercuriarro,
1294 769 1448 856 generali
1470 789 1616 856 praepo-

389 886 459 954 sito
473 884 656 955 societatis
665 887 759 974 Jesv.
777 885 917 952 Romae.
936 885 1018 952 Atia
1032 905 1152 950 manu:
1177 901 1273 968 1577.
1298 886 1399 954 Hala.
1417 887 1461 954 P.
1481 885 1613 952 Natalc.

391 1005 426 1070 A
441 1021 464 1086 4
479 1002 514 1068 di
530 1001 685 1088 Giugn0.
704 1001 741 1070 S.
756 999 876 1089 sigilli
889 993 1087 1089 vestigium.

724 1325 764 1390 P.
791 1323 1101 1392 HIERONYMUS
1124 1323 1289 1392 NADAL

630 1453 769 1510 PATRI
797 1453 1046 1516 EVERARDO
1074 1454 1382 1514 MERCURIANO

806 1583 926 1642 mir,
947 1582 981 1642 ¹9
997 1583 1078 1638 van
1098 1581 1166 1642 1577
1185 1571 1206 1628 ¹.

551 1687 624 1742 Post
635 1703 766 1744 mensem
779 1687 956 1760 Augustum
968 1687 1002 1742 in
1015 1683 1141 1742 Italiam
1150 1687 1304 1762 proficixi
1315 1687 1460 1744 decernit.

462 1813 610 1900 †Molto
625 1812 712 1879 Rdo.
731 1813 772 1879 P.
790 1813 835 1879 N.
863 1811 898 1878 in
918 1810 984 1880 X.⁰
1000 1815 1072 1880 Pax
1093 1811 1151 1880 X.¹
1171 1814 1309 1882 Benchd
1327 1815 1374 1880 ho
1392 1811 1542 1898 risposto
1563 1819 1612 1879 ‘a

398 1937 488 1996 tutte
503 1928 616 2014 quelle
630 1928 720 1994 della
736 1929 777 1994 P.
796 1929 855 2008 V.,
873 1929 938 1994 che
953 1949 1015 1995 son
1030 1928 1064 1994 le
1078 1925 1135 1994 doi
1150 1926 1267 1995 vltime
1282 1928 1318 1994 di
1337 1943 1375 2012 15
1391 1926 1425 1994 di
1437 1926 1569 2013 Aprile,
1581 1935 1612 1992 et

394 2044 555 2111 mandate
570 2043 586 2086 b
603 2045 636 2112 lc
656 2043 776 2110 lettere
796 2061 861 2110 con
883 2042 1073 2129 diligentia,
1097 2065 1167 2110 non
1186 2065 1292 2130 penso
1311 2064 1405 2110 esser
1423 2043 1611 2129 importuno

395 2159 431 2226 di
444 2160 495 2226 lar
505 2181 552 2226 vn
564 2157 764 2246 compendio
776 2159 865 2227 della
875 2157 993 2224 vltima
1005 2157 1085 2225 mia.
1099 2160 1163 2228 Sto
1174 2157 1410 2239 determinato,
1423 2179 1487 2244 per
1499 2157 1532 2222 la
1540 2156 1610 2221 luoe

396 2288 432 2342 et
448 2275 567 2341 libertd
584 2277 648 2343 che
664 2272 710 2340 mi
726 2277 770 2341 ha
785 2276 866 2341 dato
881 2275 924 2341 V.
949 2275 991 2340 P.
1013 2285 1027 2318 ⁰
1050 2275 1107 2341 nel
1127 2273 1286 2361 Signore,
1309 2273 1414 2340 andar
1433 2297 1457 2340 a
1476 2269 1609 2338 venetia
1706 2315 1707 2376 ,

396 2391 429 2458 al
444 2391 492 2456 fin
509 2389 542 2457 di
561 2391 708 2476 Agost0,
726 2389 807 2457 sesi
827 2390 897 2476 pub
917 2399 1043 2472 entrar3
1065 2400 1101 2457 et
1122 2409 1160 2456 se
1180 2409 1264 2470 non,
1288 2389 1396 2456 andar
1418 2389 1451 2455 al
1475 2385 1492 2430 ⁴
1510 2385 1610 2474 primo
1706 2377 1707 2468 l

396 2503 542 2592 collegio
558 2504 593 2572 di
613 2505 708 2571 ltalia
730 2507 795 2572 che
813 2503 865 2571 sia
885 2515 900 2548 ⁸
919 2505 955 2571 in
975 2503 1057 2572 cittd
1078 2525 1174 2572 sana.
1196 2505 1247 2572 La
1268 2507 1307 2572 P.
1331 2505 1376 2572 V.
1398 2503 1445 2570 mi
1467 2499 1559 2590 guidi
1576 2511 1606 2566 et

396 2619 529 2708 agiutti.
552 2622 629 2686 Non
651 2619 761 2690 vorrei
777 2642 839 2706 per
858 2618 978 2686 nissun
997 2621 1099 2687 modo
1121 2630 1229 2688 restar
1248 2619 1284 2686 in
1304 2619 1490 2687 Germania
1509 2617 1530 2682 l'
1550 2617 1606 2700 hy-

398 2755 521 2802 uerno.
541 2735 619 2801 Non
634 2737 680 2800 ho
695 2735 855 2802 mandato
870 2734 893 2801 il
911 2738 951 2803 Ρ.
966 2735 1145 2818 lohan,mi
1156 2754 1359 2822 compagno,
1372 2753 1437 2800 con
1448 2731 1499 2820 gli
1510 2725 1606 2798 scritti

397 2871 418 2916 a
434 2849 609 2930 FlandreS,
627 2870 687 2935 per
702 2849 885 2918 sufficienti
901 2849 1034 2938 ragioni
1050 2852 1116 2918 che
1136 2849 1278 2917 scriuirb
1301 2871 1322 2917 a
1341 2850 1388 2916 V.
1416 2851 1474 2928 P.,
1498 2843 1605 2934 poich&

398 2967 444 3030 ha
459 2975 558 3050 posto
572 2963 609 3030 in
625 2985 727 3032 mano
744 2965 811 3032 mia
826 2977 949 3051 questo
968 2966 1125 3053 negocia
1148 2966 1287 3034 Menolo
1305 2985 1370 3032 con
1390 2985 1488 3032 maco
1505 2981 1562 3050 per
1577 2959 1604 3026 la

398 3078 648 3166 penitentiaria,
666 3101 704 3147 se
720 3102 789 3148 non
809 3079 820 3123 ¹
837 3081 865 3148 si
881 3084 996 3149 hanno
1011 3092 1161 3167 stampar
1176 3081 1225 3169 gli
1241 3079 1348 3147 scritti
1364 3079 1399 3145 in
1415 3076 1567 3154 Venetia,
1584 3072 1604 3138 il

398 3199 463 3262 che
478 3217 547 3262 non
563 3195 667 3263 credo
683 3196 709 3262 '.
729 3197 796 3264 Per
812 3206 902 3263 tutto
917 3198 1079 3282 Augusto
1095 3218 1166 3264 non
1181 3217 1288 3282 penso
1303 3194 1407 3283 partit
1421 3195 1456 3261 di
1470 3215 1544 3280 qua,
1557 3209 1602 3254 ma
1705 3217 1706 3278 j

397 3332 467 3377 non
482 3311 585 3378 credo
600 3332 716 3396 sperar
731 3310 802 3398 pia.
821 3312 847 3378 ll
867 3312 991 3379 viatico
1007 3313 1053 3380 mi
1067 3315 1113 3379 ha
1133 3313 1256 3379 offerto
1276 3311 1300 3377 il
1319 3308 1517 3397 prouincial.
1538 3305 1604 3372 Non

398 3426 417 3493 ὲ
434 3446 558 3492 ancora
573 3437 702 3494 venuto
719 3448 797 3512 qua,
815 3448 870 3493 ma
885 3437 938 3492 sta
954 3425 1011 3514 gib
1027 3426 1062 3493 in
1077 3425 1362 3496 conualeseentia.
1386 3426 1462 3492 Con
1483 3421 1528 3491 lui
1545 3429 1602 3485 tra·

399 3541 473 3607 tarb
492 3541 536 3607 dc
556 3538 579 3606 li
600 3539 690 3624 libri,
708 3549 743 3607 et
765 3541 868 3607 credo
886 3542 973 3610 bene
989 3563 1055 3608 con
1070 3543 1103 3607 la
1118 3541 1230 3628 gratia
1243 3541 1278 3608 di
1293 3540 1370 3608 Dio.
1386 3539 1547 3608 Desidero
1563 3531 1603 3600 ri·

397 3664 514 3742 sposta
524 3654 559 3720 di
571 3656 615 3722 V.
631 3657 671 3722 P.
687 3655 802 3723 avanti
818 3656 909 3724 dela
925 3657 1058 3743 partita.
1078 3658 1156 3725 Non
1172 3667 1261 3723 trato
1276 3657 1319 3725 de
1333 3653 1362 3722 ir
1374 3677 1395 3723 a
1406 3657 1524 3732 Roma,
1535 3669 1600 3738 per·

398 3771 463 3838 ch&
479 3772 523 3837 V.
544 3773 584 3837 P.
602 3772 695 3838 nulla
711 3771 869 3839 occasion
885 3771 932 3837 mi
948 3774 991 3840 da
1006 3773 1040 3839 di
1056 3781 1218 3853 tratarnc,
1235 3793 1358 3838 ancora
1374 3773 1438 3838 che
1449 3769 1474 3836 il
1486 3771 1524 3838 P.
1537 3762 1599 3833 Oli·

398 3885 494 3954 uerio
514 3895 548 3953 et
570 3886 735 3955 Ximenez
755 3907 810 3954 me
829 3909 875 3954 ne
895 3885 1055 3954 scriuono
1074 3888 1118 3955 da
1137 3907 1189 3955 se.
1217 3887 1296 3954 Non
1315 3885 1476 3952 dimando
1498 3879 1600 3950 chela

399 4001 440 4067 P.
459 4002 503 4068 V.
522 4000 636 4067 scriua
649 4024 670 4069 a
684 4001 717 4068 la
732 4000 908 4088 prouincia
922 4001 957 4068 di
971 4000 1186 4084 Lombardia,
1200 4003 1325 4088 pcrchb
1340 4011 1357 4054 ⁸
1377 4001 1481 4069 credo
1491 3990 1599 4066 hauerl

448 4217 466 4249 a
494 4205 558 4260 Hoc
571 4208 655 4262 verb.
668 4223 757 4278 cupra
775 4223 856 4262 vers.
873 4205 986 4261 addidit
998 4207 1025 4261 N
1029 4207 1117 4262 .-b2
1135 4209 1218 4262 verb.
1237 4223 1323 4280 reqq.
1344 4221 1432 4278 supra
1445 4221 1519 4260 vers.
1536 4194 1600 4256 addi·
1704 4189 1705 4230 l

395 4293 441 4350 dit
460 4293 578 4351 N.—02
598 4297 690 4351 verba
706 4312 789 4367 seqq.
808 4311 895 4367 supra
912 4311 990 4351 vers.
1011 4295 1123 4352 addidit
1141 4295 1233 4351 N.--d
1247 4295 1312 4350 Hoc
1331 4295 1416 4350 verb.
1439 4291 1560 4348 additum
1577 4283 1601 4338 in

396 4400 488 4455 marg.
508 4401 525 4439 a
542 4383 661 4438 N.-ez
680 4385 771 4439 verba
789 4401 871 4457 seqq.
891 4400 979 4456 supra
1000 4401 1079 4440 vers.
1102 4381 1214 4440 addidit
1236 4383 1323 4439 N.-f
1337 4383 1402 4438 Hoc
1423 4383 1509 4438 verb.
1531 4388 1601 4448 avpn

395 4488 474 4526 vers.
489 4471 599 4529 addidit
613 4471 706 4528 NA
715 4473 780 4528 Hoc
793 4475 877 4528 verb.
892 4473 938 4528 bis
955 4473 1122 4545 scripserat,
1136 4471 1190 4528 ted
1202 4489 1293 4530 unum
1305 4471 1426 4528 delevit.

396 4578 595 4588 ——ss

449 4623 457 4654 ¹
496 4625 541 4678 Ex
552 4625 743 4697 autographo,
757 4623 788 4680 in
801 4623 898 4696 Epist.
913 4621 1031 4692 Natat,
1044 4623 1083 4692 ll,
1097 4623 1207 4698 duplici
1220 4623 1284 4693 fol,
1297 4624 1350 4694 258
1361 4623 1449 4695 (196).

448 4714 460 4746 ¹
497 4710 574 4768 Vide
587 4713 674 4785 epist.
687 4713 750 4782 617.
