3482 5386
703 457 868 514 urrunnu
1304 459 1358 528 773

167 609 360 678 conseruari
376 611 510 696 poterit:
529 611 614 678 adeo
629 610 715 696 petit
726 623 761 678 et
778 621 876 698 rogat
891 611 1023 694 sedulo,
1039 621 1076 676 ut
1088 620 1286 697 susceptum
1303 633 1391 678 onus

169 699 324 784 deponat.
343 701 417 766 Nec
432 700 515 765 satis
530 701 725 766 consultum
742 701 844 768 fuerit
859 699 1006 766 inuitum
1022 701 1117 765 illum
1134 701 1200 766 hoc
1216 701 1291 766 loco
1305 701 1388 768 reti-

171 809 259 855 nere.
275 788 392 856 Monui
408 790 471 853 hac
487 789 530 854 de
546 811 582 854 re
600 790 735 874 Patrem
751 789 961 855 visitatorem
977 809 1037 875 per
1054 789 1179 868 literas,
1194 800 1229 854 et
1241 791 1388 855 monebo

173 875 306 956 iterum,
329 898 408 942 cum
429 875 565 942 redierit
585 876 674 944 idem
696 900 738 944 ex
760 877 900 944 Austria
916 877 1166 963 Oenipontum,
1184 877 1242 942 vbi
1260 881 1300 944 P.
1319 879 1388 945 La-

173 963 283 1030 noium
295 978 460 1032 rectorem
473 964 546 1033 fore
558 985 746 1050 speramus,
764 976 803 1030 ut
819 965 920 1032 variis
937 965 1197 1046 tentationibus,
1216 987 1303 1049 quae
1319 966 1387 1032 illic

166 1052 310 1121 subinde
325 1075 402 1122 sese
421 1055 584 1140 produnt,
601 1055 705 1120 finem
727 1055 952 1144 imponamus,
976 1054 1143 1122 Dominus
1164 1054 1385 1125 nobiscum...

729 1277 826 1344 XXII

495 1365 833 1466 'caxrsroruoxus
853 1407 1049 1465 maranus

442 1553 601 1602 sxucro
633 1522 868 1603 r‘nxucrsco
899 1557 952 1602 ne
984 1555 1116 1617 130xe

490 1677 678 1764 *Dilingaa
695 1697 733 1761 31
749 1677 902 1764 Augusti
920 1678 1002 1760 1566
1019 1679 1040 1742 ¹.

636 1819 767 1874 Litterae
779 1836 911 1872 annuae.

288 1943 378 2008 Vota
393 1942 446 2008 bis
463 1945 527 2009 hoc
543 1965 633 2010 anno
653 1966 715 2028 pro
737 1965 831 2011 more
852 1953 1071 2021 renouarunt,
1090 1942 1228 2027 praeuia
1249 1943 1383 2009 confes-

159 2029 257 2096 sione
272 2031 434 2116 generali‚
450 2043 484 2098 et
497 2031 560 2118 piis
572 2032 644 2099 aliis
656 2032 836 2098 exercitiis.
851 2030 1033 2098 Posteriori
1045 2031 1265 2097 renouatione
1278 2032 1383 2100 inter-

162 2118 225 2183 fuit
241 2121 282 2185 R.
299 2121 339 2185 Ρ.
354 2120 497 2202 Natalis,
511 2120 761 2205 prouinciarum
775 2120 1045 2207 germanicarum
1058 2119 1222 2198 visitator,
1237 2120 1295 2203 qui
1307 2141 1379 2186 cre-

158 2207 246 2287 bris,
265 2207 375 2292 iisque
391 2209 650 2276 feruentissimis
666 2209 957 2275 exhortationibus
974 2208 1113 2274 mirifice
1134 2208 1285 2274 omnium
1306 2208 1382 2293 ani-

157 2318 230 2362 mos
253 2298 297 2362 ad
313 2299 541 2382 nuncupanda
558 2298 695 2364 Christo
712 2299 766 2382 pia
781 2310 860 2363 vota
873 2296 988 2362 multis
1003 2297 1125 2364 diebus
1144 2297 1379 2376 inflammant,

156 2383 214 2468 qui
232 2385 445 2470 singulorum
462 2385 562 2454 etiam
579 2389 757 2472 generales
774 2388 907 2472 excepit
923 2385 1166 2469 confessiones,
1180 2407 1305 2472 magna
1318 2407 1382 2452 no-

153 2485 227 2540 stra
243 2473 279 2539 in
291 2475 438 2541 Domino
454 2475 724 2542 consolatione...

714 2699 826 2764 XXIII

548 2830 748 2887 HENRICUS
762 2829 992 2886 uurssaurus

436 2976 598 3024 SANCTO
627 2975 861 3023 FRANCISCO
889 2975 941 3023 DE
972 2975 1103 3036 BORJA

482 3100 627 3183 Pragae‚
650 3116 687 3163 12
701 3097 910 3184 Septembris
931 3098 1014 3180 1566
1030 3100 1055 3162 ¹.

631 3239 762 3293 Litterae
774 3255 907 3294 annuae.

279 3366 383 3430 Hunc
398 3367 540 3430 fratrum
558 3363 725 3431 feruorem
742 3363 925 3449 plurimum
946 3361 1040 3428 auxit
1061 3362 1140 3428 bina
1158 3373 1312 3428 votorum
1338 3385 1379 3428 ac

150 3453 303 3539 religiosi
319 3452 457 3540 spiritus
473 3453 662 3530 innouatio,
682 3475 769 3538 quae
785 3473 867 3518 sane
887 3451 1034 3517 maxima
1053 3451 1203 3517 omnium
1221 3453 1377 3517 consola-

151 3542 244 3608 tione
260 3542 355 3607 iuxta
372 3541 554 3610 Societatis
569 3563 695 3607 morem
710 3550 878 3606 transacta
895 3552 958 3618 est,
973 3553 1011 3605 vt
1022 3540 1106 3606 nihil
1119 3541 1228 3607 dicam
1241 3543 1284 3605 de
1296 3561 1376 3626 gra—

152 3631 284 3697 tissima
299 3629 492 3696 visitatione
510 3629 585 3696 Rdi,
605 3632 644 3696 P.
664 3628 806 3708 Natalis
824 3628 882 3712 qui
898 3629 1075 3695 nobiscum
1092 3630 1200 3710 adest,
1219 3639 1253 3697 et
1269 3630 1378 3695 modis

152 3720 312 3785 omnibus
332 3721 396 3785 hoc
417 3719 596 3804 collegium
618 3718 731 3798 iuuat,
750 3719 841 3802 quod
861 3727 993 3794 mouet,
1012 3718 1163 3797 ordinat,
1182 3719 1313 3804 perficit
1336 3739 1376 3784 ac

151 3829 214 3875 nos
230 3807 341 3874 doctis
356 3829 395 3874 ac
412 3807 532 3875 zelosis
547 3807 840 3873 exhortationibus
851 3807 1002 3891 quotidie
1017 3808 1224 3885 consolatur,
1240 3806 1376 3872 instruit

147 3907 185 3964 et
204 3897 401 3978 confirmat,
421 3896 616 3982 praesertim
633 3895 736 3975 iniis,
763 3917 851 3980 quae
873 3905 1009 3962 nostrae
1029 3895 1217 3962 vocationis
1241 3895 1376 3981 propria

151 3985 289 4069 quidem
305 3994 397 4064 sunt,
415 3986 475 4052 sed
492 3985 644 4070 apaucis
660 3985 734 4050 aliis
757 4007 797 4051 ac
821 4006 908 4064 raro,
928 3986 1019 4068 quod
1043 3985 1164 4064 sciam,
1187 3984 1235 4049 ita
1255 3985 1373 4064 solide,

149 4073 308 4153 fideliter,
323 4083 357 4141 et
373 4093 451 4138 cum
465 4083 560 4138 tanto
573 4075 715 4139 fratrum
732 4073 853 4139 solatio
865 4074 1080 4139 traduntur...
1097 4073 1161 4140 His
1173 4072 1295 4141 diebus
1307 4083 1376 4139 tres

146 4161 303 4248 insignes
319 4160 440 4228 nouitii
456 4163 590 4228 Vienna
606 4162 698 4228 missi
720 4173 800 4228 sunt
821 4163 864 4227 ad
884 4161 1093 4247 probationis
1113 4163 1268 4241 domum,
1287 4183 1375 4247 quae

146 4272 243 4317 nunc
255 4271 276 4316 a
286 4253 386 4317 Patre
399 4250 631 4317 commissario
642 4250 691 4316 sic
703 4250 839 4318 videtur
850 4250 1029 4330 instructa,
1040 4261 1077 4320 ut
1087 4271 1246 4338 magnam
1258 4249 1375 4336 magni

148 4339 284 4406 fructus
299 4361 394 4424 spem
411 4340 512 4405 nobis
527 4340 741 4424 polliceatur.

149 4470 360 4482 *-

204 4535 211 4564 ¹
251 4533 296 4588 Ex
311 4531 383 4588 Cod.
399 4548 438 4602 29
445 4533 492 4606 s),
507 4546 559 4588 212
572 4536 662 4603 (117).
680 4533 756 4588 Vide
769 4551 837 4606 pag.
850 4531 895 4588 63.

203 4625 215 4656 ¹
253 4623 297 4676 Ex
312 4621 388 4678 Cod.
405 4635 444 4692 29
451 4623 496 4695 f),
511 4622 542 4677 81
559 4622 645 4692 (187).
