3404 5380
400 453 453 510 232
785 451 889 510 Enisa.
909 451 943 506 P.
964 447 1168 521 Nonne-'430

362 603 585 692 experientia,
603 624 643 670 ac
659 603 693 669 in
710 605 814 671 rebus
829 601 974 690 agendis
989 603 1169 688 prudentia
1185 601 1322 669 omnino
1337 599 1546 667 confidimus
1560 599 1597 668 in

364 719 527 800 Domino,
546 717 605 784 tibi
619 717 821 785 auctoritate
837 718 1019 784 admodum
1035 717 1113 785 Rdi.
1135 717 1172 784 in
1193 716 1331 785 Christo
1348 714 1459 785 Patris
1480 717 1596 782 Fran·

362 834 478 902 ciscia
494 833 632 920 Borgia,
651 832 832 902 Societatis
848 832 1041 919 praedictae
1052 832 1222 920 generalis
1233 830 1426 919 praepositi,
1442 831 1595 897 faculta-

363 960 434 1018 tem
444 948 664 1018 concedimus
675 956 710 1016 et
722 947 920 1036 elargimur,
935 959 974 1015 ut
986 969 1220 1033 quoscumque
1231 957 1427 1016 contractus
1441 945 1595 1032 emptio-

364 1085 459 1146 num,
477 1061 726 1142 uenditionum,
745 1072 779 1131 et
795 1063 1001 1146 cessionum,
1018 1083 1310 1150 quarumcumque
1325 1083 1438 1129 rerum
1454 1073 1593 1148 ternpo-

363 1180 497 1259 ralium,
516 1177 692 1245 mobilium
711 1179 763 1248 ael
784 1177 1023 1258 immobilium,
1041 1199 1274 1266 quascumque
1294 1175 1396 1244 etiarn
1418 1175 1595 1244 uenditio-

363 1317 426 1364 nes
443 1295 498 1362 uel
514 1293 704 1380 emptiones
721 1314 1015 1380 quorumcumque
1039 1315 1204 1394 censuum
1229 1315 1331 1380 super
1350 1293 1441 1360 bona
1456 1290 1596 1358 stabilia
1669 1375 1670 1378 Ἴ

362 1407 587 1495 collegiorum
604 1419 684 1476 tuae
696 1407 904 1494 prouinciae,
920 1407 1083 1490 breuiter,
1099 1419 1136 1475 ut
1148 1429 1383 1495 quoscumque
1394 1417 1597 1474 contractus

364 1522 450 1592 inire
461 1523 680 1591 etcelebrare
691 1522 812 1608 possis,
827 1523 862 1588 in
874 1523 927 1590 his
940 1525 1118 1590 dumtaxat
1128 1525 1242 1604 rebuS,
1253 1544 1397 1609 quarum
1407 1522 1471 1591 erit
1484 1521 1597 1588 libera

290 1659 291 1666 ¹
363 1637 613 1706 administratio
629 1637 828 1719 societatis,
846 1649 881 1705 et
897 1661 958 1724 per
978 1639 1143 1707 rationem
1165 1638 1348 1705 dotationis
1367 1636 1595 1724 collegiorum

364 1753 463 1821 nobis
492 1753 635 1834 liceant;
665 1753 779 1820 omnia
807 1775 889 1821 uero
917 1765 955 1820 ut
982 1755 1086 1821 facias
1113 1754 1147 1821 in
1173 1753 1368 1822 euidentem
1394 1752 1592 1831 utilitatem,

364 1891 467 1954 quarn
488 1879 526 1935 tu
547 1867 714 1938 iudicabis
732 1869 776 1936 de
798 1867 940 1936 consilio
964 1879 1101 1936 tuorum
1122 1869 1400 1936 consiliariorum.
1419 1868 1594 1936 Concedi-
1677 1938 1678 1950 χ

364 2005 441 2051 mus
456 1991 642 2071 praeterea,
663 1993 701 2048 ut
716 2003 950 2070 quoscumque
966 1984 1171 2052 iudicaueris
1186 1984 1326 2051 idoneos
1341 2007 1361 2051 e
1375 1982 1515 2062 nostris,
1530 1981 1594 2047 tibi
1678 2039 1679 2060 ,

365 2097 401 2166 in
417 2099 536 2168 eadem
554 2099 733 2179 facultate,
752 2099 807 2166 uel
828 2098 903 2165 eius
922 2110 1018 2192 parte
1037 2099 1246 2167 substituere
1266 2097 1386 2185 possis.
1406 2099 1594 2184 Speremus
1679 2144 1680 2150 κ

365 2213 402 2281 in
417 2214 555 2281 Christo
568 2215 652 2301 Jesu
668 2216 835 2294 futurum,
851 2223 889 2279 ut
903 2225 940 2280 tu
951 2213 999 2281 ita
1014 2215 1199 2300 prudenter
1210 2217 1275 2281 hac
1290 2223 1459 2301 potestate
1471 2212 1591 2292 utariS,
1680 2245 1681 2260 π

365 2329 413 2394 ita
429 2328 611 2414 sapienter,
630 2336 669 2394 ut
684 2327 769 2394 nihil
790 2351 810 2395 a
835 2340 868 2396 te
884 2329 1068 2398 desiderari
1089 2329 1212 2416 possit,
1229 2330 1321 2414 quod
1336 2329 1379 2396 ad
1399 2327 1595 2414 religiosam
1681 2349 1682 2364 ¹

367 2443 651 2530 gubernationem
668 2465 780 2510 rerum
797 2445 1033 2531 temporalium
1047 2456 1125 2512 tuae
1140 2443 1335 2531 prouinciae
1352 2443 1464 2523 faciat,
1479 2442 1596 2510 omnia
1682 2453 1683 2468 ¹

366 2579 450 2624 uero
471 2559 586 2624 futura
599 2539 675 2624 ¹sint
697 2558 740 2624 ad
760 2558 922 2628 maiorem
940 2560 1083 2646 gloriam
1103 2559 1169 2628 Dei
1188 2557 1441 2646 omnipotentis.
1463 2561 1594 2625 Datum
1683 2555 1684 2582 ³

369 2675 514 2760 Pragae,
533 2672 589 2740 die
606 2673 626 2738 8
642 2671 769 2740 mensis
784 2673 1003 2759 Septembris
1023 2677 1127 2742 Anno
1146 2675 1241 2759 1566.
1684 2659 1685 2674 ¹

916 2798 939 2887 †
963 2800 1210 2868 Hranonrnus
1233 2800 1409 2867 Nnrncrs.
1435 2797 1458 2886 †

433 3015 556 3081 Exstat
567 3016 724 3104 sigillum
737 3017 922 3085 Societatis.
938 3021 1121 3104 Inscriptio
1133 3044 1155 3084 a
1168 3025 1281 3108 tergo:
1295 3022 1458 3087 Patentes
1474 3017 1593 3087 literae

366 3131 410 3196 ad
425 3129 593 3198 ineundas
608 3143 815 3200 contractus.
835 3134 966 3199 Eadem
983 3136 1162 3220 inscriptio
1179 3135 1305 3201 ibidem
1322 3137 1480 3200 iteratur.

935 3301 1026 3363 deo

724 3423 755 3479 s,
776 3425 1024 3483 raancrscus
1045 3427 1098 3482 oa
1116 3427 1243 3499 aoaJn

629 3523 779 3588 PATRI
803 3525 1127 3593 HIERONYMO
1152 3526 1335 3593 NADAL

735 3649 854 3703 sousa,
872 3651 903 3694 12
916 3651 1111 3697 sarrsunnrs
1126 3640 1195 3709 1566
1206 3643 1227 3695 ¹.

368 3730 527 3803 Pontificis
540 3734 686 3788 mandato
700 3733 791 3788 illum
812 3735 955 3790 hortatur
976 3739 1017 3791 ad
1038 3737 1265 3809 impediendum
1284 3737 1398 3810 foedus
1412 3740 1593 3792 sectatorum

510 3819 635 3877 Caluini
646 3839 716 3878 cum
728 3822 899 3880 lutheranis
911 3830 1103 3898 augustanae
1116 3826 1312 3898 confessionis
1323 3825 1452 3883 asseclis.

436 3938 509 4003 Pax
521 3937 699 4013 x,¹M01t0
712 3939 800 4007 Rdo.
811 3939 848 4005 in
859 3941 923 4007 X.⁰
935 3941 1057 4008 Padre.
1073 3942 1099 4007 ll
1111 3941 1263 4009 cardinal
1272 3941 1468 4010 Granuela'
1481 3942 1593 4008 hebbe

366 4049 463 4117 auiso
479 4072 576 4118 come
592 4052 616 4118 il
631 4063 732 4122 conte
749 4054 898 4140 palatino
914 4057 926 4089 ⁵
944 4077 1010 4122 con
1022 4057 1181 4123 Theodor
1192 4078 1213 4123 o
1226 4059 1329 4138 Beza,
1342 4079 1428 4144 capo
1440 4055 1475 4124 di
1486 4055 1595 4124 calui-

367 4165 460 4246 nisti,
480 4167 647 4235 faceuano
662 4180 756 4237 certo
772 4169 998 4238 conciliabulo
1013 4171 1049 4238 in
1067 4193 1135 4239 una
1147 4183 1237 4240 terra
1248 4173 1304 4240 del
1316 4173 1411 4242 detto
1422 4181 1523 4241 conte
1535 4192 1595 4260 per

374 4303 585 4318 ffl—

423 4376 432 4410 ¹
468 4377 512 4432 Ex
525 4379 667 4450 Regesto,
683 4379 758 4436 Cod.
778 4396 811 4451 33
821 4381 868 4455 s),
887 4380 941 4438 fol.
961 4383 1022 4437 180.
1036 4383 1071 4438 In
1089 4383 1231 4456 margine:
1246 4385 1283 4440 P.
1302 4384 1427 4440 Natale.
1445 4385 1486 4440 Ρ.
1506 4381 1596 4439 Cani·

364 4465 422 4520 sio.
442 4465 479 4521 P.
494 4467 627 4523 Antonio
647 4469 753 4525 Vinck.
776 4471 833 4526 Tre
846 4472 928 4544 copia
940 4489 969 4527 sa
982 4489 1019 4526 na
1029 4472 1148 4544 secero.

420 4557 431 4588 ¹
470 4554 617 4611 Antonius
631 4557 773 4614 Perrenot
786 4557 824 4614 de
844 4559 1014 4616 Graavelle.

419 4643 431 4676 ¹
468 4642 634 4702 Fridericus
647 4646 700 4701 III.
715 4646 791 4703 Vide
804 4648 892 4720 epist.
911 4647 975 4714 380,
990 4667 1022 4706 n.
1043 4663 1068 4719 13
1082 4658 1112 4706 et
1122 4649 1189 4724 399.
