3322 5370
530 501 564 544 ιο
585 488 762 548 Fuuaunau
783 491 850 562 1567
1214 493 1267 564 387

101 662 135 706 zo
150 640 255 726 giorno
274 642 317 706 al'
341 642 416 706 Aue
440 641 569 722 Maria,
591 641 634 708 ne
655 643 720 710 alle
741 661 785 726 24
805 646 899 725 hore,
918 665 1025 711 senon
1050 665 1070 711 a
1094 665 1113 729 3
1135 667 1155 712 ο
1179 658 1303 730 quatro

104 759 169 821 hore
185 755 223 824 de
243 765 350 837 notte,
376 766 411 822 et
433 766 554 842 questo
578 779 636 826 era
659 758 777 828 ordine
800 761 856 827 del
882 758 1101 846 prouinciale.
1128 765 1186 830 Ma
1212 762 1300 829 saria

105 870 211 956 lungho
224 873 338 939 hauer'
357 893 377 938 a
393 871 462 939 dar’
482 851 652 960 raggione
666 874 722 942 del
743 884 843 942 tutto:
866 875 899 942 la
918 876 1012 955 dard,
1036 897 1072 942 se
1087 876 1120 942 la
1136 877 1177 942 Ρ.
1204 879 1247 945 V.
1274 878 1297 943 l'

104 985 245 1052 ordinari.
263 987 308 1051 Εἰ
322 991 437 1052 ioman
452 988 576 1074 perche
591 985 637 1054 mi
653 1009 734 1074 pare
753 991 870 1057 hauer’
889 989 922 1055 di
939 991 1053 1056 andar'
1069 1011 1135 1057 con
1151 992 1299 1074 suauita,

106 1101 317 1186 specialmente
340 1123 400 1188 per
423 1106 540 1169 hauer'
569 1104 694 1171 sentito
722 1105 869 1172 alchuna
895 1103 1068 1186 difficolu,
1097 1127 1167 1172 non
1193 1107 1258 1173 mia
1270 1117 1299 1189 ⁸,

102 1215 164 1282 dirb
177 1215 229 1300 qui
241 1217 461 1286 breuemente
477 1218 624 1285 alchune
637 1239 717 1287 cose
737 1221 804 1287 che
823 1219 869 1285 mi
889 1241 970 1305 pare
990 1242 1010 1286 a
1029 1241 1084 1288 me
1105 1220 1240 1290 hauersi
1264 1225 1298 1288 d’

102 1329 246 1412 ordinare,
262 1341 292 1398 et
308 1338 422 1398 tomen
438 1354 508 1398 non
519 1333 552 1399 le
564 1335 610 1398 ho
623 1332 789 1402 ordinate.
805 1333 854 1400 La
866 1333 973 1419 prima
990 1334 1007 1401 ὲ
1020 1338 1096 1416 che,
1111 1339 1256 1405 essendo
1268 1339 1300 1404 la

98 1445 321 1516 consuetudine
341 1446 452 1514 insino
473 1469 540 1532 qua
560 1447 595 1514 in
613 1449 799 1516 Germania
820 1451 884 1516 che
905 1449 928 1514 li
949 1450 1056 1517 nostri
1081 1461 1233 1519 mettano
1253 1475 1298 1519 vn

102 1561 356 1648 pocold'acqua
373 1563 501 1630 alvino
521 1574 556 1632 et
576 1563 664 1631 assai
685 1584 783 1652 poca,
806 1567 930 1650 perche
951 1587 1036 1632 sono
1057 1579 1297 1637 comunmente

102 1675 183 1761 picoli
196 1676 271 1759 vini,
289 1678 348 1762 qui
364 1678 431 1743 mai
446 1679 469 1744 l'
487 1680 601 1744 hanno
618 1681 716 1760 fatt0,
735 1689 769 1746 et
785 1679 830 1745 mi
846 1682 1032 1766 parerebbe
1048 1684 1112 1751 che
1131 1682 1160 1748 si
1181 1685 1295 1753 facce-

101 1811 139 1858 se.
154 1793 201 1858 La
214 1791 263 1858 2⁸
278 1793 500 1880 che-giocano
511 1793 535 1859 li
548 1793 670 1862 fratelli
686 1796 750 1861 alla
766 1797 854 1880 palla
866 1805 892 1876 ⁰,
907 1805 941 1863 et
954 1795 989 1861 in
1002 1807 1122 1882 questo
1137 1799 1183 1864 ho
1197 1796 1299 1865 dubi-

103 1917 159 1972 tato
171 1907 203 1974 io
216 1929 251 1974 se
265 1912 291 1974 s’
307 1912 352 1976 ha
368 1911 411 1975 da
424 1909 550 1992 leuare,
564 1910 698 1978 benche
710 1908 756 1975 mi
768 1909 902 1977 ricordo
912 1895 982 1978 ¹che
998 1911 1021 1977 il
1038 1914 1077 1978 P.
1098 1915 1145 1980 M.
1165 1913 1298 2000 Ignatio

105 2043 159 2088 non
172 2023 203 2088 lo
218 2025 309 2091 uolse
324 2025 517 2104 conceder’,
535 2045 645 2092 senon
661 2025 805 2110 qualche
821 2027 913 2095 uolta
930 2048 948 2091 a
965 2025 1154 2113 indisposti.
1180 2029 1229 2096 La
1251 2031 1302 2113 3.²

99 2136 129 2200 di
141 2159 260 2206 cerrare
271 2141 304 2205 la
317 2139 465 2207 fenestra
476 2139 564 2206 della
575 2141 700 2226 stupha
711 2140 767 2207 del
778 2140 998 2226 prouinciale,
1012 2143 1077 2210 che
1089 2164 1169 2228 pare
1184 2143 1202 2209 ὲ
1216 2142 1301 2210 satta

106 2272 150 2335 per
161 2256 217 2320 lar'
235 2255 348 2321 tauola
368 2253 549 2335 abbatiale,
569 2265 605 2321 et
624 2259 759 2324 metter’
781 2255 804 2322 li
825 2255 891 2323 cibi
913 2256 1026 2342 perdi
1046 2257 1091 2323 la.
1111 2259 1188 2324 Non
1209 2259 1231 2324 l'
1254 2262 1301 2325 ho

100 2379 223 2450 cenato,
239 2369 482 2455 specialmente
498 2371 622 2455 perche
638 2369 685 2437 mi
700 2369 823 2438 dieono
838 2369 956 2458 dipoi‘l
973 2375 1036 2439 che
1052 2372 1213 2460 vogliono
1230 2375 1301 2443 iare

105 2481 321 2564 lrintirmaria,
340 2485 364 2550 il
379 2487 444 2552 che
460 2484 506 2550 mi
522 2484 723 2571 piacerebbe
744 2507 764 2551 a
786 2507 852 2553 me.
877 2486 921 2554 Di
942 2498 1061 2572 queste
1081 2500 1133 2556 tre
1154 2509 1232 2557 cose
1256 2491 1301 2555 ho

108 2599 201 2666 uoluto
215 2600 285 2668 dire
301 2623 370 2686 qua
385 2621 445 2686 per
461 2593 672 2688 compendio,
695 2602 827 2668 benche
850 2603 931 2669 nell'
956 2604 1040 2669 altra
1067 2603 1096 2671 si
1119 2603 1170 2670 sia
1192 2605 1299 2670 detto.

110 2712 152 2778 llo
166 2723 291 2782 trouato
308 2736 433 2781 ancora
448 2715 648 2796 introdutto,
666 2719 730 2784 che
745 2716 774 2782 si
786 2718 877 2784 dano
890 2716 948 2802 qui
960 2718 1069 2784 stechi
1081 2729 1094 2760 ⁸
1104 2717 1140 2784 in
1152 2740 1198 2785 vn
1209 2718 1303 2806 piato

109 2848 154 2911 per
168 2830 240 2896 tutti
254 2831 288 2897 al
303 2853 428 2917 pranso
447 2840 483 2897 et
501 2850 596 2898 cena.
621 2833 752 2916 Questa
772 2853 899 2898 usanza
918 2831 1086 2900 introdusi
1106 2832 1139 2899 io
1163 2852 1202 2922 19
1222 2835 1304 2901 anni

111 2943 175 3009 lain
189 2921 349 3013 Messiba:
367 2944 459 3031 dipoi
475 2945 583 3014 intese
598 2948 663 3012 che
678 2968 748 3013 non
764 2945 908 3033 piaeque
928 2948 959 3014 al
977 2950 1016 3014 P.
1040 2951 1128 3016 Mro.
1151 2950 1301 3034 Laynez,

111 3058 169 3124 nii
184 3071 274 3128 usata
290 3061 380 3128 nella
400 3059 625 3148 Compagnia,
642 3071 677 3128 et
692 3062 763 3128 cosi
778 3063 881 3129 adeso
901 3084 969 3128 non
986 3063 1032 3128 mi
1053 3063 1160 3149 piace.
1183 3066 1261 3132 Non
1278 3067 1301 3130 l’

110 3172 143 3237 ho
163 3176 269 3242 uoluta
289 3181 404 3242 iumen
423 3186 555 3243 mutare
577 3196 678 3242 senza
702 3177 895 3246 consultare
917 3177 949 3248 la
974 3181 1013 3244 P.
1038 3180 1081 3246 V.
1108 3178 1156 3246 Mi
1180 3178 1302 3246 dicono

105 3289 158 3356 che
177 3290 201 3356 ui
222 3313 361 3358 osserua
384 3288 418 3356 in
446 3288 571 3360 Sicilia.
598 3289 668 3376 Qui
698 3291 785 3358 uedo
813 3292 927 3360 cheli
953 3293 1071 3374 nostri,
1098 3314 1135 3361 se
1158 3295 1304 3362 alchuna

111 3406 342 3473 musanouasi
363 3407 396 3472 fa
417 3406 505 3475 nella
529 3404 655 3488 chiesa,
673 3416 708 3475 et
730 3429 855 3475 ancora
878 3407 1014 3493 quando
1037 3430 1151 3474 vanno
1174 3421 1303 3478 acerte

112 3537 199 3586 nesse
211 3523 297 3591 della
313 3523 438 3588 facolta
460 3520 610 3589 artistica
630 3543 651 3588 ο
675 3521 878 3609 theologica,
897 3522 1108 3603 offeriscano,
1132 3544 1228 3591 come
1248 3547 1306 3592 so-

114 3633 205 3716 gliono
218 3636 263 3723 gli
274 3636 352 3703 altri
367 3635 524 3718 seculari,
543 3657 598 3704 rna
611 3657 710 3722 poco,
728 3658 825 3706 corne
837 3659 882 3704 vn
899 3637 1067 3722 quatrino:
1086 3649 1208 3723 questo
1224 3640 1270 3706 rni
1286 3644 1305 3707 ἐ

116 3767 193 3830 parsu
206 3774 305 3834 nouo,
324 3762 359 3820 et
374 3773 482 3838 penso
498 3751 527 3819 si
544 3754 577 3818 sa
592 3773 719 3820 ancora
734 3751 769 3818 in
784 3753 1004 3838 Ingolstadi0.
1025 3756 1103 3821 Non
1119 3755 1142 3850 l'
1160 3757 1205 3821 ho
1227 3777 1305 3822 rnu-

116 3873 181 3944 tato;
194 3867 224 3933 la
239 3869 272 3934 P.
290 3869 335 3935 V.
354 3869 387 3933 lo
404 3867 503 3936 ueda.
522 3867 562 3934 L'
580 3868 664 3934 altra
681 3868 773 3934 uolta
788 3871 852 3935 che
874 3869 984 3955 passai
1004 3893 1064 3956 per
1086 3878 1206 3956 questa
1226 3891 1306 3956 pro-

118 3975 207 4047 uincia
220 3983 289 4052 fece
303 3981 338 4048 in
355 3981 489 4050 Treuiri
504 3981 678 4050 brusciare
694 3984 883 4070 (purgando
898 3985 930 4056 la
946 3983 1139 4065 biblioteca,
1153 3995 1188 4052 et
1199 4007 1307 4072 penso

115 4113 216 4162 ancora
228 4099 303 4164 nelli
319 4097 396 4166 altri
412 4097 559 4184 collegii;
573 4117 628 4164 ma
642 4097 685 4164 de
701 4098 833 4165 Treuiri
850 4103 894 4164 m’
912 4102 957 4166 ha
971 4101 1172 4168 confirmato
1188 4099 1211 4166 il
1227 4121 1305 4187 pro-

117 4203 244 4298 uinciale)
258 4213 280 4278 li
294 4213 372 4280 libri
388 4211 527 4282 heretici
546 4215 610 4281 che
625 4212 774 4301 giudicai
790 4236 859 4282 non
875 4235 967 4282 esser
983 4215 1165 4284 necessarii
1180 4216 1227 4282 ad
1238 4217 1307 4282 im-

112 4323 329 4409 lugnotzomm
356 4329 617 4396 haereticorum.
643 4329 796 4410 Masso,
824 4331 972 4399 nolendo
993 4333 1055 4398 far'
1080 4331 1103 4396 il
1123 4330 1308 4398 medesimo

158 4517 171 4550 ²
193 4511 350 4586 Sequuntur
367 4513 384 4569 3
401 4516 448 4570 vel
468 4531 485 4585 4
503 4515 594 4570 verba
612 4531 729 4587 prorsus
742 4515 870 4572 deletae
887 4515 1015 4574 lion-¹³
1035 4517 1108 4590 Mu,
1122 4522 1213 4590 *pocta
1231 4517 1311 4590 quud

117 4597 301 4658 emendandum
318 4602 413 4658 visum
436 4611 551 4659 esc-c
566 4603 638 4674 Mc„
657 4605 805 4676 pala.-d
825 4605 890 4662 Hoc
912 4608 999 4662 verb.
1026 4605 1138 4662 addidit
1160 4605 1199 4662 N.
1222 4622 1311 4680 supra

118 4693 187 4740 vers.
200 4698 213 4729 θ
226 4687 280 4764 Sic,
295 4709 345 4764 pro
358 4692 475 4770 stecclri.
