3456 5386
619 486 800 546 13A1³1³1us
821 487 890 558 1566
1291 491 1324 547 61

145 635 205 704 disi
220 636 244 702 il
257 659 339 725 gran
356 659 528 709 concurso
543 653 578 709 et
594 641 822 729 occupatione
837 644 903 711 che
918 644 1111 709 haueuarno
1127 645 1216 713 nelle
1231 647 1369 715 confes·

147 753 240 832 sioni,
264 753 444 824 ilnumero
460 759 551 826 delle
571 758 676 844 quali,
701 779 762 846 per
782 780 852 825 non
880 758 1074 825 ritrouarmi
1095 762 1126 825 al
1150 773 1308 845 presente
1331 760 1367 829 in

149 871 310 956 Augusta,
324 891 393 938 non
406 893 510 958 posso
524 872 735 960 specificare.
752 876 819 940 Tra
836 873 871 939 di
883 874 957 940 loro
971 875 1093 942 furono
1106 874 1209 942 molte
1221 897 1367 963 persone

149 984 246 1050 nobili
261 997 293 1054 et
307 985 497 1073 principali,
515 1009 613 1058 come
628 987 766 1056 alchuni
782 987 875 1055 conti
893 998 928 1054 et
940 998 992 1055 tre
1006 995 1028 1055 ό
1040 1001 1162 1074 quatro
1177 991 1366 1059 ambascia-

149 1099 208 1165 tori
222 1111 285 1167 etc.
303 1103 346 1166 Et
361 1103 552 1171 solamente
566 1103 589 1168 li
605 1101 836 1170 comunicanti
854 1103 892 1169 in
899 1103 1062 1188 paschate
1073 1105 1163 1172 nella
1175 1116 1292 1172 nostra
1306 1126 1363 1172 ca-

148 1215 229 1299 pella
250 1215 330 1302 (οἱοέ
346 1217 516 1287 forestieri
533 1230 567 1288 et
583 1218 806 1306 cortegiani)‚
828 1217 853 1284 li
872 1219 965 1303 quali
986 1218 1010 1284 il
1031 1221 1128 1288 Rmo.
1147 1223 1181 1286 d'
1202 1223 1364 1308 Augusta

148 1331 181 1396 fu
195 1333 295 1398 molto
307 1343 471 1400 contento
483 1335 742 1403 comunicasero
753 1335 796 1400 da
809 1332 878 1415 noi,
893 1332 925 1399 ci
937 1354 1064 1421 pareua
1076 1337 1268 1403 sarebbono
1285 1356 1362 1421 3⁰03

146 1446 233 1512 mail
248 1449 342 1514 Rmo.
359 1448 475 1534 legato
490 1448 779 1518 domandandomi
795 1447 914 1534 quanti
938 1450 1071 1516 sariano
1087 1450 1312 1532 comunicati,
1330 1463 1365 1518 et

146 1561 304 1629 dioendoli
318 1562 353 1628 io
370 1583 453 1647 300,
472 1564 519 1630 mi
539 1564 629 1632 disse
653 1567 718 1633 che
738 1564 874 1632 sariano
890 1563 965 1650 pib,
982 1563 1180 1650 imperoche
1196 1567 1267 1635 Sua
1283 1566 1365 1636 S.‘¹²

149 1675 244 1742 Illma.
268 1678 355 1745 nella
378 1700 442 1745 sua
465 1699 589 1760 messa,
618 1682 683 1747 che
699 1678 772 1747 dise
794 1679 872 1764 quel
895 1677 1017 1764 giorno
1044 1678 1079 1745 di
1103 1684 1230 1766 pascha
1253 1682 1364 1767 (corne

149 1810 256 1876 spesso
269 1793 364 1859 suole
379 1793 477 1880 dirla)
494 1795 584 1863 nella
599 1803 718 1861 nostra
741 1795 887 1879 capella,
905 1815 1057 1880 pensaua
1072 1795 1225 1862 hauerne
1245 1816 1365 1863 comu-

151 1905 254 1973 nicato
271 1923 343 1992 150,
361 1930 383 1975 o
398 1909 469 1995 piri.
488 1909 607 1977 Gloria
622 1909 673 1976 sia
688 1910 721 1976 al
733 1908 893 1996 Signore.
908 1909 976 1975 Tra
989 1909 1113 1995 questi,
1128 1910 1224 1976 molti
1237 1911 1292 1978 ehi
1304 1933 1365 1998 per

151 2041 213 2086 non
227 2033 331 2090 aver*
346 2022 514 2092 ritrouato
529 2026 725 2094 consessore
740 2024 829 2090 della
841 2043 904 2090 sua
921 2022 1053 2110 lingua,
1072 2025 1128 2091 0ὴί
1143 2047 1204 2112 per
1219 2027 1362 2112 negotij,

150 2136 199 2202 ehi
213 2159 268 2224 per
283 2161 377 2207 esser
392 2151 483 2206 stato
500 2151 552 2207 tra
567 2139 710 2209 heretici
725 2151 808 2221 ete,
827 2160 897 2206 non
917 2139 946 2204 si
970 2161 1075 2206 erano
1092 2139 1287 2221 confessati,
1305 2141 1360 2210 chi

148 2252 187 2320 da
199 2253 250 2319 doi
267 2255 359 2336 anni,
373 2255 430 2322 0ὴί
446 2256 491 2322 da
507 2267 643 2342 quatro,
661 2264 696 2324 et
712 2254 767 2321 chi
783 2255 859 2320 da8
876 2253 956 2320 anni
968 2253 1004 2322 in
1017 2276 1095 2339 qua.
1111 2257 1201 2324 Dete
1212 2259 1362 2324 anchora

154 2366 273 2436 licentia
287 2371 308 2436 1¹
330 2372 438 2438 lllrno.
468 2382 676 2458 augustano,
702 2371 808 2438 molto
835 2390 901 2436 eon
925 2391 987 2437 sua
1014 2391 1101 2455 gran
1125 2369 1360 2454 sodisfatione‚

147 2482 233 2550 accib
249 2487 394 2555 alchune
409 2483 615 2575 mattionell’
630 2485 809 2572 principali
821 2493 1014 2572 augustana
1036 2485 1294 2556 comunicasero
1317 2489 1362 2554 da

149 2597 220 2688 n[0i]
232 2609 257 2682 ε;
271 2600 480 2688 imperoche,
498 2603 645 2671 essendo
657 2602 732 2668 loro
741 2598 854 2666 mariti
866 2599 1019 2680 heretici,
1033 2622 1093 2686 per
1104 2601 1202 2668 viuer
1212 2622 1277 2670 con
1289 2602 1362 2669 loro

149 2714 179 2780 in
192 2737 281 2802 paee,
304 2718 486 2783 almancho
502 2716 651 2804 politica,
676 2715 701 2782 li
719 2715 914 2783 conueniua
935 2718 1006 2783 sare
1022 2716 1135 2802 quello
1154 2719 1219 2786 che
1232 2716 1261 2784 si
1276 2738 1361 2785 con-

153 2828 239 2912 uiene
261 2855 281 2898 a
302 2831 410 2898 buoni
432 2831 608 2898 christiani
631 2829 909 2900 secretamente‘1
928 2829 965 2897 in
985 2831 1110 2900 alchun
1133 2832 1209 2898 loco
1230 2830 1361 2900 ritirato

155 2947 281 3028 (comee
299 2947 333 3015 la
354 2959 472 3014 nostra
487 2947 627 3034 capella)
644 2959 679 3014 et
694 2967 763 3013 non
779 2947 868 3014 nelle
884 2944 1011 3014 chiesie
1023 2945 1213 3032 principali.

208 3079 237 3128 2.
283 3063 309 3130 11
326 3065 366 3129 Ρ.
383 3061 522 3129 Canisio
533 3063 658 3144 hebbe,
670 3073 791 3147 questa
802 3061 984 3129 settimana
997 3072 1095 3128 santa
1107 3060 1362 3147 specialmente,

155 3196 227 3260 gran
246 3197 409 3244 eoncorso
431 3177 520 3244 nelle
540 3197 603 3246 sue
621 3177 800 3264 prediche,
819 3177 883 3243 alle
904 3175 995 3263 quali
1016 3178 1119 3242 eiiam
1135 3198 1220 3244 sono
1242 3176 1363 3243 uenuti

150 3291 272 3373 parechi
286 3291 427 3361 heretici
441 3295 604 3378 (quorum
617 3291 720 3358 corda
736 3293 833 3358 Deus
845 3292 1035 3358 benedictus
1047 3289 1364 3358 sua'misericordia

152 3405 336 3473 illuminare
351 3407 540 3494 dignetur)
551 3431 562 3472 .·
577 3406 718 3494 giouedi
737 3418 772 3474 et
792 3408 933 3474 venerdi
952 3418 1051 3474 santo
1071 3407 1210 3494 predicb
1230 3418 1319 3476 sette
1341 3429 1364 3474 ο

154 3531 215 3588 otto
231 3525 333 3604 hore;
359 3523 553 3609 imperoche
574 3523 714 3610 giouedi
734 3524 824 3610 dopo
843 3544 961 3592 mezzo
981 3523 1103 3609 giorno
1123 3522 1326 3590 incomincib
1342 3547 1363 3592 a

154 3638 299 3719 predicar'
316 3639 357 3704 de
370 3640 539 3705 Passione
555 3661 615 3725 per
631 3639 724 3705 doio
740 3650 791 3706 tre
807 3641 905 3721 hore,
919 3650 954 3706 et
967 3639 1106 3708 venerdi
1120 3641 1194 3705 fece
1205 3637 1261 3706 doi
1273 3638 1359 3706 altre

153 3753 306 3838 prediche,
324 3753 531 3842 seguitando
546 3757 579 3822 la
594 3755 716 3824 istessa
732 3755 873 3823 materia
885 3777 945 3842 per
957 3755 1082 3842 cinque
1098 3755 1183 3822 altre
1198 3757 1292 3822 hore.
1308 3756 1358 3821 La

152 3865 314 3936 domenica
332 3870 413 3937 dell’
431 3869 523 3937 oliua
542 3870 680 3958 publico
702 3870 726 3935 il
749 3870 903 3958 giubileo
932 3870 1167 3936 ultimamente
1194 3890 1359 3937 concesso

150 3982 226 4049 dalla
239 3983 362 4053 santitb
376 3985 412 4051 di
428 3996 548 4052 nostro
562 3984 714 4073 signore,
734 3985 757 4052 il
775 3987 876 4071 quale
887 3989 932 4053 ha
944 3985 1179 4072 guadagniato
1195 4005 1281 4071 gran
1294 4007 1362 4050 nu-

195 4229 210 4262 ⁸
234 4221 295 4277 Hoc
307 4224 392 4278 verb.
411 4221 546 4277 additum
560 4229 606 4277 est
624 4239 713 4294 supra
726 4238 809 4276 vers.
827 4237 845 4276 a
857 4221 979 4276 libr-1>
993 4221 1058 4275 Hoc
1072 4220 1174 4290 verb.,
1191 4225 1367 4291 consumpta

155 4305 249 4381 charta,
261 4312 362 4382 partim
374 4309 583 4383 disparuit-0
604 4311 713 4368 Charta
726 4309 838 4376 attrita,
852 4310 907 4365 hoc
922 4311 1008 4365 verb.
1025 4307 1088 4364 fere
1101 4310 1290 4380 absumptum
1303 4315 1364 4365 est.

158 4395 200 4438 -l
216 4397 276 4453 Hoc
288 4401 370 4455 verb.
390 4416 479 4472 supra
493 4417 573 4456 vers.
592 4398 724 4456 additum
738 4408 785 4454 est
798 4416 815 4454 a
828 4398 896 4456 libr.

168 4603 328 4696 musabbato
342 4606 376 4662 in
391 4606 487 4671 Albis,
501 4622 547 4660 sc.
566 4604 600 4661 13
617 4604 739 4678 Aprilis,
756 4603 976 4677 demeruerint,
990 4603 1061 4660 licet
1073 4605 1151 4660 clare
1165 4611 1195 4659 et
1212 4599 1368 4676 perspicue

173 4688 295 4757 sorpserit
306 4691 437 4763 Jinrenez
450 4693 609 4767 Bibaga,
624 4707 662 4763 19
675 4694 807 4767 Aprilis.
