3494 5392
331 410 385 452 vm
652 397 848 455 Paooarnmr
867 409 973 452 rrnru
991 407 1162 452 vocumms

256 547 259 556 '
300 549 435 618 maniae
451 548 625 636 regiones,
644 550 724 617 hinc
740 552 783 616 ab
800 549 975 618 haeretica
990 550 1079 629 labe,
1099 548 1179 638 inde
1192 570 1211 615 a
1225 559 1398 614 turcarum
1411 546 1528 614 incur-

296 675 412 758 sibus,
429 651 640 754 “divexatae
673 675 791 743 oculos
822 685 1045 754 convertere,
1080 683 1118 739 ut
1149 672 1306 759 religioni
1336 671 1527 741 catholicae

298 799 444 867 maxime
471 799 679 886 periclitanti
705 821 807 886 opem
830 798 1140 885 praesentissimam
1164 800 1312 866 afferret.
1339 799 1527 884 Imperator

298 923 550 991 Maximilianus
567 925 607 1004 ll,
626 933 664 988 ut
681 923 746 990 sibi
762 945 823 1010 pro
839 923 928 990 bello
944 933 1063 990 contra
1082 933 1198 988 turcas
1214 921 1366 989 subsidia
1382 942 1525 1008 compa·

296 1057 400 1128 taret,
420 1059 629 1114 conventum
647 1050 829 1134 Augustae
845 1045 1101 1115 Vindelicorum
1113 1046 1277 1125 edixerat,
1292 1045 1327 1111 in
1340 1067 1408 1130 quo
1421 1043 1525 1112 etiam

297 1173 341 1240 de
357 1171 533 1258 religionis
550 1171 700 1258 negotiis
711 1171 913 1258 agitandum
927 1170 1054 1256 passim
1068 1171 1157 1237 fama
1170 1171 1409 1256 spargebatur.
1425 1171 1528 1238 Sum-

299 1317 375 1362 mus
391 1294 559 1382 pontifex,
579 1307 618 1363 ut
633 1297 765 1361 nullum
788 1317 850 1382 pro
871 1294 1040 1362 catholica
1060 1295 1128 1363 fide
1151 1296 1279 1364 tuenda
1302 1293 1448 1380 lapidem
1462 1315 1532 1360 non

298 1430 464 1502 moveret,
486 1419 651 1487 «consilio
667 1431 702 1489 et
715 1419 842 1488 auxilio
855 1419 1037 1490 Societatis
1049 1441 1087 1486 se
1102 1421 1189 1488 velle
1204 1420 1272 1486 uti»
1289 1429 1410 1486 sancto
1423 1420 1450 1485 F
1451 1441 1532 1485 ran-

300 1543 392 1610 cisco
410 1543 557 1630 Borgiae
573 1543 781 1630 significavit
796 1544 839 1630 (3)
861 1547 880 1611 ¹.
899 1545 988 1611 Cum
1004 1543 1096 1612 enim
1117 1565 1196 1610 eum
1218 1543 1348 1630 Borgia
1372 1541 1530 1610 «adiisset

299 1678 336 1737 et
352 1666 594 1749 obedientiam,
612 1688 676 1736 suo
691 1678 726 1739 et
743 1668 848 1736 totius
865 1667 1047 1738 Societatis
1063 1669 1212 1749 nomine,
1231 1667 1323 1734 circa
1335 1667 1527 1746 missioneS,

303 1815 365 1879 pro
382 1791 529 1859 instituti
545 1793 653 1860 nostri
670 1793 815 1875 ratione,
839 1793 1031 1875 obtulisset,
1055 1793 1262 1860 commoveri
1280 1793 1354 1860 visa
1376 1803 1458 1860 sunt
1478 1792 1532 1858 vi-

304 1939 401 1985 scera
416 1918 542 1985 summi
558 1918 745 2005 pontificis,
763 1929 799 1988 et
815 1930 1012 2006 pergratam
1028 1941 1104 1988 eam
1124 1917 1333 1986 oblationem
1354 1917 1419 1985 sibi
1441 1939 1532 1985 aect-

302 2043 626 2130 deresignificauit3
650 2044 747 2111 acin
768 2043 989 2112 Germaniam
1017 2044 1061 2112 ad
1087 2043 1214 2113 dietam
1242 2043 1374 2131 imperii
1401 2043 1535 2128 aliquos

306 2167 399 2235 viros
415 2169 573 2249 selectos,
592 2178 628 2234 et
643 2168 679 2236 in
696 2168 779 2235 alias
795 2169 1001 2238 Germaniae
1016 2180 1131 2255 partes
1147 2169 1232 2237 alios
1254 2169 1440 2236 mittendos
1460 2189 1537 2236 esse

306 2291 454 2372 censuit,
472 2302 508 2359 et
525 2294 744 2380 cathalogum
760 2292 826 2359 sibi
841 2293 916 2360 dari
931 2293 1029 2380 petiit
1045 2314 1177 2376 eorum,
1196 2293 1255 2382 qui
1276 2295 1319 2361 ad
1340 2293 1540 2380 hujusmodi

307 2417 486 2484 missiones
503 2417 616 2486 idonei
632 2417 865 2486 viderentur».
886 2418 989 2488 Dedit
1001 2419 1033 2488 ei
1046 2420 1242 2507 catalogum
1257 2419 1384 2507 Borgia
1397 2419 1539 2507 triginta

309 2543 380 2608 fere
397 2540 641 2628 operariorum,
661 2553 695 2610 et
712 2563 755 2608 ex
771 2540 812 2609 iis
825 2541 1057 2629 Hieronymus
1069 2542 1201 2611 Natalis
1216 2554 1251 2610 et
1261 2545 1413 2632 Jacobus
1426 2544 1539 2611 Lede-

309 2689 382 2734 sma
397 2665 515 2734 selecti
528 2678 621 2749 sunt,
636 2667 695 2751 qui
712 2666 899 2734 conventui
915 2679 1111 2755 augustano
1126 2668 1332 2738 interessent
1344 2670 1389 2758 (3,
1404 2689 1439 2752 4,
1458 2685 1536 2754 753,

308 2791 399 2878 754).
419 2792 516 2859 Alios
532 2793 567 2859 in
582 2792 666 2860 alias
682 2804 796 2879 partes
813 2794 998 2862 mittendos
1012 2794 1147 2861 curavit
1162 2794 1319 2881 pontifex
1335 2796 1428 2881 (3,4).

378 2916 503 2996 Natali,
522 2938 603 2983 cum
620 2918 788 2986 Ledesma
799 2917 834 2984 in
847 2919 1071 2986 Germaniam
1083 2918 1326 3007 proficiscenti,
1341 2918 1541 2986 instructio-

311 3061 373 3110 nes
392 3041 518 3127 Borgia
535 3040 639 3108 tradit
655 3041 824 3128 sapientia
840 3051 875 3109 et
891 3043 1073 3129 prudentia
1089 3045 1221 3130 plenas,
1241 3055 1315 3110 tum
1336 3045 1379 3110 ad
1400 3043 1543 3130 pontifi-

310 3167 362 3235 cis
378 3168 539 3234 mandata
558 3188 662 3254 quam
684 3168 939 3238 accuratissime
959 3171 1161 3255 exequenda
1182 3171 1282 3258 (3-5),
1306 3179 1377 3236 tum
1400 3170 1444 3237 ad
1464 3191 1544 3256 pro-

313 3291 504 3358 vinciarum
520 3291 740 3374 Germaniae,
764 3292 928 3361 Austriae
947 3305 983 3363 et
1005 3293 1116 3362 Rheni
1136 3294 1372 3364 lustrationem
1397 3295 1545 3361 maximo

313 3416 464 3504 ipsarum
481 3417 597 3484 fructu
612 3428 647 3487 et
663 3430 832 3504 proventu
848 3417 1091 3504 perficiendam
1113 3419 1210 3508 (5-9).
1238 3421 1286 3489 Ut
1306 3429 1422 3489 autern
1444 3418 1541 3501 nihil,

313 3541 406 3628 quod
429 3541 474 3607 ad
497 3539 631 3608 felicem
654 3542 784 3611 exitum
804 3552 996 3610 conventus
1017 3543 1203 3630 augustani
1231 3547 1388 3614 conferre
1411 3555 1540 3632 posset,

315 3665 653 3752 praetermitteretur,
672 3668 810 3735 duobus
822 3666 975 3754 hispanis
989 3671 1117 3737 Beatus
1130 3671 1256 3738 Petrus
1268 3669 1440 3752 Canisius,
1454 3691 1542 3756 pon-

316 3789 417 3858 tificis
433 3791 547 3876 jussu,
570 3790 754 3876 adjunctus
777 3793 855 3872 fuit,
880 3794 980 3880 cujus
1003 3814 1153 3881 operam,
1179 3815 1258 3861 cum
1282 3793 1400 3881 primis
1424 3793 1542 3865 utilem

314 3914 503 3983 catholicae
519 3915 689 4004 religioni,
708 3917 851 3985 summis
866 3919 1025 3986 laudibus
1041 3919 1227 3990 extollebat
1239 3920 1420 3989 cardinalis
1432 3922 1546 3988 Amu-

315 4039 394 4121 lius,
413 4041 577 4109 cardinali
594 4043 853 4111 Commendono
869 4043 1023 4112 scribens
1039 4046 1142 4133 (753).

383 4165 533 4234 Maxima
550 4189 663 4236 rerum
679 4170 864 4255 Augustae
880 4167 1110 4257 gelendarum
1126 4170 1309 4239 difficultas
1325 4171 1360 4238 in
1376 4189 1419 4240 eo
1431 4191 1548 4238 versa-

372 4380 379 4410 ¹
417 4381 518 4437 Utres
532 4379 562 4435 in
579 4381 635 4436 hoc
653 4381 805 4454 prooemio
822 4381 969 4438 indicatae
990 4381 1105 4440 facilius
1123 4383 1251 4440 inveniri
1273 4381 1399 4455 possint,
1421 4383 1547 4455 singulis

316 4466 378 4524 fere
400 4467 590 4542 paragraphis
607 4486 746 4526 numeros
764 4471 880 4528 uncinis
898 4471 1027 4528 inclusos
1050 4471 1235 4545 subjicimus,
1258 4472 1308 4544 qui
1330 4471 1453 4544 paginas
1473 4471 1546 4527 lndi-

313 4563 394 4624 cant,
408 4558 459 4614 ubi
472 4557 590 4630 singula
602 4568 777 4631 argumenta
790 4567 965 4620 tractantur.
