3494 5392
555 477 747 534 Pnoouuruu
765 489 871 534 rrrrn
889 489 1060 535 voiuunus
1348 489 1381 532 rx

192 631 298 710 batur,
316 631 409 714 quod
424 629 615 716 imperator
629 630 731 700 nimis
747 653 832 718 erga
846 632 1037 700 haereticos
1048 632 1245 718 indulgenS,
1259 629 1416 717 pontifex

192 753 391 822 econtrario
407 755 512 821 nimis
528 755 661 843 rigidus
678 755 851 841 aliquibus
866 756 1058 826 videbatur.
1080 755 1348 844 Propositiones,
1371 754 1415 820 ab

195 879 390 965 imperatore
408 879 566 965 pontifici
586 880 770 961 exhibitae,
792 881 873 947 huic
897 903 1037 968 prorsus
1060 881 1311 968 displicuerunt
1334 879 1413 966 (66).

198 1007 288 1072 Haec
302 1003 417 1071 omnia
432 1005 525 1071 inter
540 1026 617 1074 sese
632 1005 791 1072 Canisius
807 1016 842 1073 et
858 1007 990 1073 Natalis
1005 1007 1233 1086 conferentes
1253 1029 1272 1074 e
1289 1027 1326 1074 re
1342 1005 1417 1072 fore

197 1131 363 1196 duxerunt
389 1129 589 1216 pontificem
616 1132 748 1198 caesari
774 1132 981 1200 benevolum
1005 1133 1162 1212 reddere,
1192 1131 1296 1216 idque
1323 1130 1417 1196 nulla

197 1255 323 1322 ratione
340 1253 477 1321 facilius
493 1277 531 1322 se
547 1255 789 1342 impetraturos
804 1255 1055 1340 existimarunt,
1079 1278 1181 1342 quam
1202 1255 1417 1342 procurando

195 1390 230 1445 ut
244 1377 398 1465 pontifex
412 1379 567 1446 subsidia
582 1380 777 1466 imperatori
793 1403 857 1468 pro
877 1382 967 1448 bello
988 1381 1119 1448 turcico
1141 1380 1356 1467 elargiretur.
1379 1380 1416 1445 ld

194 1516 304 1572 autern
321 1525 384 1590 per
402 1505 563 1592 Borgiam
581 1506 681 1574 facile
697 1507 834 1593 assequi
849 1527 951 1594 posse
966 1518 1178 1576 censuerunt
1194 1508 1262 1594 (49,
1277 1521 1332 1588 50,
1347 1505 1415 1590 66).

256 1629 432 1697 Haeretici
448 1629 538 1697 inter
557 1633 655 1712 haec,
679 1631 894 1708 comitiorum
917 1632 1134 1700 occasionem
1157 1630 1296 1698 minime
1319 1649 1416 1717 sper·

192 1755 338 1821 neodem
352 1765 527 1842 putanteS,
546 1756 589 1822 ad
604 1766 779 1824 certamen
796 1779 834 1826 se
849 1757 1048 1844 accingunt,
1063 1758 1106 1826 de
1118 1754 1293 1843 religionis
1305 1775 1416 1842 nego-

193 1879 238 1945 tio
258 1878 476 1947 collationem
497 1879 631 1946 institui
652 1890 831 1968 satagunt,
853 1882 986 1949 libellos
1007 1891 1127 1949 contra
1146 1880 1342 1967 pontificem
1363 1899 1415 1945 ro·

193 2023 330 2068 manum
353 2013 390 2069 et
409 2001 594 2070 Societatis
613 2002 809 2070 institutum
836 2003 986 2072 scribere
1013 2002 1277 2090 aggrediuntur,
1302 2022 1417 2070 comes

195 2126 365 2212 palatinus
380 2125 528 2213 impiger
542 2127 579 2193 in
595 2149 734 2198 arenam
749 2129 940 2211 descendit,
958 2140 993 2196 et
1013 2129 1049 2196 in
1068 2127 1239 2208 convivio,
1263 2129 1306 2193 ad
1326 2127 1418 2212 quod

189 2251 260 2339 ipse
275 2263 423 2320 cunctos
438 2253 611 2340 principes
626 2263 662 2320 et
682 2254 872 2322 catholicos
894 2267 929 2322 et
949 2264 1179 2342 protestantes
1199 2252 1415 2332 invitaverat,

186 2377 336 2444 libellum
353 2399 488 2446 veneno
504 2398 659 2445 errorum
676 2381 838 2446 refertum
849 2380 1005 2447 convivis
1016 2379 1162 2467 singulis
1174 2377 1330 2466 porrigit.
1344 2379 1412 2444 lm-

185 2503 327 2588 probum
351 2503 480 2570 donum
500 2502 635 2590 repellit
657 2514 874 2590 augustanus
895 2506 1043 2592 praesul,
1067 2505 1223 2589 talesque
1250 2502 1354 2569 libros
1378 2523 1416 2570 se

184 2625 383 2713 neutiquam
399 2628 515 2713 legere
530 2629 642 2714 palam
658 2629 851 2715 profitetur.
868 2631 976 2696 lnstat
988 2624 1115 2710 comes,
1131 2638 1169 2695 ut
1184 2627 1337 2696 libellum
1353 2647 1416 2692 an-

185 2751 281 2819 tistes
308 2751 465 2838 accipere
491 2751 586 2818 velit.
617 2754 707 2819 Turn
739 2763 967 2840 augustanus,
1001 2749 1249 2839 importunitati
1279 2749 1414 2817 comitis

183 2877 325 2956 cedens
343 2875 469 2942 librum
486 2875 590 2963 capit,
608 2879 673 2944 hac
690 2888 805 2944 tamen
820 2876 1029 2959 conditione,
1047 2887 1087 2944 ut
1101 2898 1216 2945 comes
1236 2874 1412 2962 promittat

181 3001 443 3089 responsionem
460 3000 574 3068 libello
589 3001 737 3069 dandam
754 3003 937 3070 lecturum.
957 3002 1072 3089 Hujus
1088 3012 1203 3070 autern
1219 2999 1416 3087 responsio-

179 3127 235 3194 nis
247 3126 488 3194 lucubrandae
499 3147 584 3193 cura
596 3126 691 3193 Patri
703 3126 845 3194 Canisio
857 3127 1063 3194 demandata
1077 3126 1141 3192 fuit
1153 3128 1220 3212 (83,
1239 3125 1325 3213 126);
1340 3126 1414 3208 sed,

176 3275 215 3321 re
241 3251 369 3319 melius
393 3249 626 3332 considerata,
652 3262 688 3319 et
715 3251 883 3319 cardinali
910 3261 945 3319 et
973 3250 1134 3318 Patribus
1160 3249 1248 3317 liber
1274 3249 1416 3336 palatini

176 3378 350 3464 indignus
367 3375 590 3463 responsione
605 3376 701 3443 visus
715 3387 768 3444 est
784 3377 884 3466 (191).

246 3505 477 3589 Quantopere
493 3511 608 3570 autem
625 3501 862 3571 insudaverint
882 3503 1003 3570 Patres
1024 3501 1168 3583 Natalis,
1194 3499 1355 3570 Canisius
1377 3510 1413 3569 et

180 3630 360 3698 Ledesma
375 3626 412 3693 in
427 3627 679 3695 haereticorum
700 3626 881 3695 conatibus
901 3627 1170 3714 confringendis,
1193 3625 1229 3693 in
1248 3625 1415 3694 ecclesiae

176 3765 213 3825 et
229 3751 374 3821 concilii
390 3750 568 3818 tridentini
582 3751 803 3839 dogmatibus
819 3763 854 3819 et
865 3752 1002 3838 juribus
1015 3751 1164 3835 tuendis,
1177 3750 1213 3816 in
1225 3748 1417 3817 catholico-

177 3901 257 3946 rum
280 3875 408 3943 animis
426 3876 516 3943 inter
538 3897 615 3945 sese
635 3885 670 3946 et
693 3896 772 3943 curn
801 3898 944 3944 romano
965 3876 1128 3963 pontifice
1151 3872 1415 3960 conjungendis,

176 4003 327 4070 mirifice
344 4003 458 4070 elucet
469 4002 505 4068 in
518 4002 750 4069 monumentis
765 4001 977 4088 archetypiS,
990 4023 1034 4070 ex
1046 3998 1225 4068 Vaticanis
1242 3998 1417 4066 tabulariis

175 4153 195 4198 a
210 4126 319 4194 nobis
335 4125 559 4212 depromptis,
573 4136 609 4194 et
620 4124 656 4192 in
667 4125 840 4214 publicam
858 4126 971 4194 lucem
986 4124 1134 4207 eductiS,
1152 4125 1195 4191 ad
1208 4144 1296 4210 quae
1307 4124 1415 4191 lecto-

175 4275 252 4322 rem
269 4250 481 4318 remittimus
498 4251 663 4339 (90-104);
682 4250 808 4335 quibus
822 4271 948 4318 novam
965 4249 1155 4318 claritatem
1176 4243 1418 4335 impertiuntur

175 4376 348 4464 epistolae
364 4375 500 4443 Natalis
515 4376 559 4442 de
575 4373 696 4444 iisdem
707 4373 858 4462 negotiis
870 4373 1018 4462 Borgiae
1030 4376 1132 4444 datae
1144 4376 1321 4462 (110-112,
1341 4390 1415 4461 119,

183 4519 263 4583 122,
297 4519 371 4585 123,
405 4501 572 4586 nrt-138,
606 4501 679 4582 180,
714 4500 808 4586 181);
837 4510 873 4568 et
899 4499 1003 4586 hujus
1034 4519 1200 4588 responsa
1232 4499 1413 4586 (130·132,

184 4627 352 4710 148-151,
373 4627 447 4709 158,
467 4627 552 4715 159).
1364 4593 1376 4622 ⁶
