3482 5386
433 480 487 552 768
617 523 619 528 .
863 482 968 538 Errsr.
987 483 1022 538 Ρ.
1042 483 1156 538 Narrat

393 638 465 702 hoc
480 635 589 702 solum
607 631 779 718 respondit
795 632 968 720 episcopo:
988 633 1201 720 superiorum
1214 635 1422 702 sentenciam
1437 635 1477 702 de
1491 655 1532 702 re
1545 645 1613 704 tota

394 723 646 810 expectandum
663 743 747 790 esse.
765 721 934 808 Cupiebat
949 721 1085 791 interim
1103 721 1171 802 ille,
1189 722 1280 790 sicut
1294 734 1330 790 et
1345 735 1460 803 antea,
1475 723 1613 790 concio-

397 823 551 882 natorem
568 810 817 897 quamprimum
833 812 876 878 ad
891 832 929 877 se
944 811 1044 890 mitti,
1059 811 1118 896 qui
1130 823 1324 880 nostrorum
1336 811 1441 880 ueluti
1453 833 1612 896 praecur-

397 923 457 970 sor
475 912 582 982 esset,
600 899 828 984 maioremque
848 899 947 968 nobis
966 900 1111 987 gratiam
1135 901 1227 986 apud
1239 901 1366 969 clerum
1390 911 1423 966 et
1437 902 1608 986 populum,

398 1011 523 1076 magna
548 1011 591 1056 ex
614 998 711 1074 parte
721 988 944 1068 haereticum,
974 989 1185 1056 conciliaret.
1210 991 1281 1056 lmo
1301 988 1501 1058 desiderauit
1520 989 1608 1057 idem

398 1079 580 1166 episcopus
595 1080 662 1144 hoc
678 1076 780 1146 etiarn
795 1097 886 1143 anno
900 1077 1019 1146 uenire
1035 1077 1160 1162 primos
1174 1077 1311 1146 scholae
1323 1099 1432 1146 nouae
1443 1077 1609 1162 professo·

397 1189 466 1247 reS,
484 1166 609 1253 quibus
626 1164 777 1253 promisit
792 1187 862 1232 non
882 1167 984 1232 modo
1003 1165 1183 1245 uiaticum,
1200 1167 1261 1234 sed
1285 1166 1385 1234 etiam
1405 1167 1609 1233 commodam

398 1255 665 1334 habitacionem,
683 1253 844 1338 quamdiu
858 1254 1041 1341 collegium
1056 1276 1126 1322 non
1141 1253 1206 1322 erit
1220 1253 1465 1322 exedificatum.
1481 1256 1606 1324 Verum

399 1365 472 1412 non
489 1344 588 1412 uideo
605 1363 666 1409 cur
682 1353 859 1445 tantopere
874 1365 1111 1429 properemus,
1129 1341 1193 1410 nisi
1214 1345 1317 1412 rebus
1336 1342 1465 1410 firmius
1484 1343 1608 1410 consti-

399 1432 494 1512 tutis,
512 1433 605 1519 qnod
620 1442 790 1516 praesenti
806 1431 943 1516 quidem
959 1454 1048 1498 anno
1064 1432 1138 1498 fieri
1159 1453 1228 1497 non
1249 1452 1351 1518 posse
1372 1433 1469 1498 duco.
1488 1430 1610 1516 Scripsi

396 1522 442 1590 de
458 1521 512 1588 his
528 1522 571 1587 ad
586 1524 720 1588 Patrem
733 1519 952 1600 visitatorem,
970 1530 1212 1606 expectaturus
1227 1531 1264 1588 et
1278 1519 1368 1586 illius
1379 1531 1413 1587 et
1426 1519 1611 1588 Paternita-

398 1609 442 1676 tis
459 1612 603 1678 Vestrae
624 1630 823 1696 responsum
830 1659 929 1680 .....

465 1697 657 1766 Cardinalis
686 1707 802 1766 noster
826 1699 833 1730 ¹
865 1696 900 1763 in
932 1709 1104 1782 postremo
1135 1695 1306 1782 colloquio
1339 1697 1437 1764 ualde
1466 1697 1609 1782 rogauit,

399 1796 450 1867 ut,
463 1788 503 1853 P.
514 1789 555 1854 T.
565 1789 657 1854 bona
668 1784 779 1866 uenia,
790 1785 934 1854 redirem
946 1808 1063 1854 mense
1075 1785 1243 1870 sequenti.
1255 1787 1342 1852 Cum
1356 1785 1492 1852 enimin
1504 1785 1611 1850 animo

397 1877 522 1943 habeat
538 1875 771 1943 dioecesanam
787 1873 954 1959 synodum
976 1873 1135 1960 Dilingae
1155 1874 1340 1955 celebrare,
1360 1877 1400 1942 Ρ.
1418 1873 1606 1956 visitatoris,

400 1977 460 2030 aut
476 1965 596 2033 saltem
613 1985 721 2032 meam
734 1963 903 2030 desiderat
920 1985 1069 2047 operam,
1084 1964 1126 2030 ad
1143 1983 1215 2030 rem
1232 1973 1360 2030 tantam
1378 1963 1503 2031 rectius
1517 1963 1609 2029 insti·

397 2054 577 2122 tuendam.
601 2051 675 2119 Erit
690 2051 746 2118 ille
761 2052 859 2118 labor
876 2050 978 2118 unius
996 2053 1140 2118 fortasse
1156 2051 1282 2119 mensis
1287 2102 1381 2122 .....

1024 2219 1053 2284 II

719 2331 900 2405 JOANNES
920 2220 1106 2389 AliilxlliElAS
1125 2333 1315 2390 CALIGARl

639 2452 794 2514 JOANNI
826 2451 1061 2500 FRANCISCO
1093 2451 1388 2500 COMMENDONO

758 2549 897 2627 Romae,
921 2566 962 2615 10
974 2547 1127 2633 Augusti
1143 2547 1264 2631 1566'.

464 2663 501 2718 P.
516 2663 650 2720 Aleisius
662 2662 698 2717 de
712 2661 857 2718 Mendora
869 2661 1024 2734 cardinali
1039 2659 1260 2716 Commendatio
1273 2677 1367 2716 comcs
1379 2660 1555 2716 conceditur.

525 2763 554 2826 Il
571 2764 610 2828 P.
631 2761 781 2827 Polanco
797 2761 843 2826 m’
860 2761 905 2825 ha
920 2761 1016 2828 detto
1037 2780 1097 2844 per
1113 2758 1231 2826 ordine
1247 2759 1429 2826 del-Padre
1448 2756 1604 2844 generale,

397 2851 465 2916 che
479 2852 524 2917 D.
544 2849 645 2933 Luigi
666 2851 711 2914 ha
730 2847 850 2915 ordine
869 2849 913 2914 da
932 2849 1004 2914 loro
1019 2847 1054 2913 di
1068 2847 1352 2932 farecompagnia
1367 2869 1387 2913 a
1403 2849 1446 2914 V.
1470 2845 1605 2914 81111αι

400 2937 507 3006 infino
523 2939 555 3002 al
571 2959 635 3004 suo
650 2935 791 3019 ritorno,
809 2958 873 3003 con
890 2947 986 3022 patto
1002 2936 1083 3021 perd
1103 2939 1179 3017 che,
1196 2937 1318 3004 stando
1333 2937 1399 3003 ella
1417 2935 1506 3001 doue
1523 2931 1605 2998 siano

400 3027 475 3094 loro
490 3025 637 3112 collegij,
656 3047 752 3094 come
769 3025 803 3092 in
821 3027 938 3093 Padua
959 3036 993 3092 et
1010 3024 1171 3104 Venetia,
1190 3024 1260 3110 egli
1280 3023 1345 3090 stia
1366 3024 1422 3092 nel
1437 3020 1601 3108 colleggio,

401 3136 470 3181 non
486 3115 534 3200 gli
551 3115 701 3200 parendo
716 3113 942 3182 conueniente
964 3116 1029 3180 che
1048 3113 1115 3179 stia
1136 3113 1240 3193 fuori,
1255 3134 1316 3197 per
1336 3133 1404 3178 non
1424 3113 1505 3180 dare
1519 3129 1604 3176 scan-

397 3204 478 3270 dalo
502 3204 585 3290 agl¹
603 3203 679 3270 altri
695 3202 834 3284 fratelli,
852 3214 887 3269 et
906 3205 988 3288 pero
1008 3203 1042 3270 la
1060 3222 1160 3269 serua
1183 3222 1333 3286 sempre,
1355 3211 1389 3267 et
1410 3199 1557 3267 andando
1576 3195 1605 3260 in

398 3293 480 3359 villa
496 3315 516 3359 o
533 3293 676 3372 altroue,
694 3312 808 3379 venga
823 3313 889 3358 con
901 3289 961 3373 lei;
981 3302 1015 3360 et
1031 3291 1187 3358 salutano
1203 3289 1290 3356 assai
1303 3291 1347 3357 V.
1362 3292 1399 3358 S.
1418 3291 1526 3357 ssim.
1538 3337 1564 3351 ..

973 3460 1057 3528 XIX

789 3591 822 3648 Ρ.
843 3589 1042 3650 NICOLAUS
1065 3589 1239 3650 LANOIUS

673 3727 835 3776 sancro
865 3727 1110 3776 ranncrsco
1141 3727 1194 3776 on
1225 3727 1358 3788 1³0an

712 3841 947 3922 Vindobonae,
969 3859 1009 3908 to
1025 3840 1178 3927 Augusti
1195 3840 1280 3923 1566
1292 3841 1317 3905 ³.

696 3973 818 4030 Natalis
830 3989 898 4028 cum
910 3973 998 4028 sociis
1016 3971 1221 4027 Vindobonam
1235 3971 1326 4027 venit.

465 4091 590 4158 Giunsi
606 4111 673 4176 qua
690 4107 732 4173 27
748 4089 783 4155 di
799 4088 923 4175 Luglio
939 4088 962 4154 il
976 4091 1016 4156 Ρ.
1031 4088 1143 4155 Natali
1156 4109 1224 4154 con
1236 4086 1260 4152 li
1274 4087 1375 4156 Padri
1388 4085 1540 4156 Zimenez
1551 4081 1561 4112 ⁸
1572 4087 1600 4147 et

456 4300 463 4330 ¹
501 4295 574 4353 Otto
587 4296 750 4350 Truchsess
763 4292 801 4349 dc
816 4293 994 4364 Waldburg.

452 4388 463 4420 ¹
500 4385 544 4438 Ex
559 4385 749 4456 autographo,
764 4382 795 4438 in
808 4383 873 4438 cod.
888 4382 984 4437 Vatic.
1001 4381 1115 4437 Latiare
1127 4383 1164 4438 de
1175 4380 1324 4455 principi,
1337 4395 1382 4450 23,
1395 4380 1448 4436 fol.
1466 4390 1523 4435 122.
1539 4369 1600 4428 Vide

395 4490 466 4546 pag.
484 4472 546 4542 13o;
562 4481 593 4528 et
608 4473 672 4541 165.

451 4563 462 4595 ³
499 4563 543 4616 Ex
556 4563 748 4633 autographo,
763 4559 794 4617 in
810 4559 887 4618 Coa.
903 4574 942 4627 29
949 4558 995 4633 s),
1011 4573 1045 4628 42
1059 4557 1130 4628 (34).

452 4653 465 4686 ⁴
501 4651 629 4722 Jacobus
643 4650 788 4720 Jimenez,
804 4649 900 4704 socius
915 4647 1038 4703 Natalis.
