3456 5386
394 475 430 533 88
778 482 883 539 Erusr.
904 481 937 537 P.
959 480 1163 553 Nauae-384

358 630 496 716 general
512 632 556 700 de
571 632 678 700 Oran.
698 633 752 702 Yo
767 643 865 720 estoy
881 644 1044 702 contento
1061 657 1122 721 por
1138 636 1232 706 verle
1247 637 1424 723 empleado
1444 661 1488 706 en
1509 661 1597 710 ser-

359 744 448 812 uicio
463 747 518 815 del
535 748 644 816 Senor
659 759 814 836 ycontra
828 750 970 817 indeles:
985 772 1048 816 ora
1055 759 1122 838 pro
1137 771 1174 817 eo
1185 757 1217 818 et
1226 759 1294 838 pro
1306 773 1370 830 me·
1382 777 1404 840 y
1416 753 1450 819 lo
1460 753 1596 824 mismo

358 859 438 945 pido
454 863 485 928 al
502 865 542 929 P.
562 862 712 946 Canisio,
731 866 909 945 Ledesma,
927 865 1106 947 Ximenez,
1124 867 1313 950 Ludouic03
1331 869 1484 955 ydigale
1499 891 1590 956 que,

358 976 505 1063 despuas
519 999 587 1062 que
603 980 706 1066 llego,
725 1002 770 1048 no
784 983 830 1048 he
845 979 934 1048 visto
954 991 1048 1048 carta
1067 1003 1170 1068 suya,
1188 1004 1210 1067 y
1225 987 1245 1049 a
1265 983 1298 1048 la
1313 984 1367 1050 del
1388 983 1522 1054 camino
1537 1007 1594 1054 no

358 1093 460 1160 haula
475 1099 541 1178 que
558 1095 755 1181 responder,
773 1095 914 1164 bendito
929 1096 1025 1164 Dios.
1044 1098 1098 1164 De
1114 1098 1158 1164 V.
1177 1100 1218 1165 R.
1238 1097 1352 1165 sieruo
1365 1121 1412 1166 en
1427 1101 1502 1185 X.⁰,

1183 1213 1402 1282 Fusucrsco.

425 1323 609 1410 Inscriptio
625 1327 664 1391 in
679 1332 804 1412 quarta
816 1327 1010 1415 pagina:†
1033 1328 1078 1394 Al
1099 1329 1204 1394 molto
1225 1329 1307 1395 Rd0.
1335 1328 1370 1394 in
1389 1331 1475 1415 Xpo.
1500 1331 1538 1398 P.
1561 1331 1592 1397 il

359 1439 399 1502 Ρ.
419 1439 462 1504 D.
482 1438 682 1507 Hieronimo
698 1442 816 1522 Natal,
836 1441 989 1509 visitator
1004 1443 1094 1510 nelle
1114 1441 1289 1528 prouincia
1312 1443 1367 1529 [di]
1392 1445 1592 1534 Alemagna

357 1551 446 1618 delia
474 1553 690 1641 Compagnia
718 1555 752 1622 di
779 1556 888 1625 Giesu
916 1555 951 1622 in
983 1558 1155 1643 Augusta.
1190 1557 1302 1623 Manu
1329 1561 1374 1624 P.
1400 1559 1592 1646 Jimenea:

358 1664 381 1753 †
398 1667 441 1732 N.
463 1669 501 1734 P.
521 1668 577 1734 alli
596 1686 637 1752 27
655 1669 823 1758 d'Aprile.
843 1672 917 1737 ΙΨ
933 1671 1053 1759 Sigilii
1067 1673 1264 1759 vestigium.

674 1965 744 2032 ΡΡ.
772 1965 1081 2034 HIERONYMUS
1104 1965 1268 2032 NADAL

556 2094 709 2152 PETRUS
728 2094 914 2152 CANISIUS
933 2096 983 2151 ET
1002 2094 1181 2168 JACOBUS
1200 2095 1385 2152 LEDESMA

764 2223 950 2279 aucuerre,
963 2227 980 2280 4
993 2223 1062 2278 usn
1076 2211 1145 2279 1566
1157 2215 1176 2268 ¹.

497 2326 649 2398 Responsa
659 2327 700 2382 ad
709 2328 895 2398 quaestiones
908 2327 941 2382 in
954 2343 1069 2382 recessu
1080 2330 1256 2402 augustano
1261 2330 1443 2402 propositas.

418 2483 544 2547 Ωῒῠν.
945 2487 981 2547 Α

914 2604 1005 2658 Jrrus,

701 2720 878 2764 nnoeosrra
898 2721 985 2765 urae
1002 2719 1062 2764 aar
1081 2721 1241 2774 Qusasmo

422 2823 459 2892 Si
474 2846 541 2911 pax
556 2824 698 2910 eiusque
713 2824 928 2893 conditiones
939 2846 1105 2906 annexae,
1120 2826 1407 2909 quemadmodum
1424 2825 1458 2891 in
1472 2847 1588 2895 reces-

356 2961 396 3006 su
413 2938 577 3026 imperiali
593 2962 683 3008 anno
704 2957 785 3025 1555
803 2941 986 3026 Augustae
1001 2940 1168 3022 sancitae,
1187 2941 1310 3009 deinde
1326 2963 1416 3008 anno
1434 2957 1475 3025 57
1492 2952 1528 3008 et
1545 2959 1588 3030 59

357 3106 472 3160 mecen,
490 3091 603 3160 Tunez,
619 3088 710 3157 Oran,
729 3097 760 3145 et
773 3090 986 3162 Mazarquivirn
1000 3091 1185 3146 renuntiatus
1198 3089 1267 3146 fuit.
1284 3090 1361 3146 Vide
1376 3090 1465 3146 inhia
1480 3091 1591 3149 Moutl-

357 3191 484 3250 uuurrs,
497 3180 629 3251 Bargio,
640 3180 664 3248 1,
678 3194 743 3250 449,
757 3190 826 3248 450.

410 3268 418 3299 ¹
457 3269 501 3323 Ex
514 3267 692 3340 archetypis,
706 3267 737 3323 in
749 3267 868 3324 archivo
880 3275 996 3324 secreto
1008 3266 1161 3336 Vaticano,
1177 3267 1268 3323 Cone.
1291 3267 1376 3323 Trid.
1388 3285 1422 3323 n.
1442 3279 1503 3340 149,
1517 3268 1592 3324 Mis·

355 3356 490 3412 cellanea
503 3357 634 3426 concilii,
649 3357 682 3412 ff.
701 3369 752 3427 272
765 3365 796 3411 et
813 3373 898 3429 seqq.
916 3357 1105 3412 Monumeuta
1117 3355 1165 3410 hic
1182 3356 1313 3412 exhibita
1326 3364 1591 3412 commemorantur

356 3463 374 3500 a
387 3445 423 3500 P.
440 3443 537 3498 Natali
551 3443 582 3498 in
595 3444 720 3516 epistola
737 3443 800 3515 387,
819 3463 851 3500 n.
874 3443 901 3514 3,
920 3443 971 3500 ubi
988 3445 1039 3499 illa
1057 3443 1164 3500 litteris
1183 3444 1220 3510 A,
1239 3445 1274 3515 Β,
1291 3443 1327 3516 C,
1352 3446 1389 3514 D,
1409 3445 1434 3499 E
1451 3443 1590 3500 distincta

356 3533 449 3589 fuisse
461 3533 601 3603 declarat,
614 3533 658 3589 uti
671 3549 773 3605 reapse
787 3533 817 3589 in
830 3534 921 3589 citato
933 3533 1052 3589 archivo
1070 3531 1210 3588 distincta
1228 3533 1424 3605 reperiuntur,
1443 3533 1520 3588 unde
1539 3531 1590 3588 illa

355 3621 607 3695 transcripsimus.
624 3623 744 3678 Praeter
761 3623 834 3677 haec
851 3622 980 3695 quinque
993 3622 1113 3694 scripta,
1126 3620 1184 3676 alia
1201 3621 1259 3677 duo
1271 3639 1289 3676 a
1301 3621 1399 3676 Natali
1416 3638 1589 3678 enumeran-

356 3719 414 3776 tur,
428 3727 550 3783 quorum
564 3709 656 3781 prius,
669 3711 725 3765 hoc
738 3709 823 3781 signo
836 3711 851 3764 i
865 3717 1009 3779 notatum,
1024 3709 1097 3766 nihil
1109 3709 1189 3765 aliud
1207 3727 1293 3782 quam
1312 3709 1479 3765 versionem
1498 3711 1589 3781 partis

355 3815 491 3855 recessus
504 3797 661 3870 augustani
673 3815 691 3852 a
703 3797 822 3854 Canisio
835 3798 941 3855 factam
955 3801 1097 3856 continet.
1112 3798 1259 3866 Alterum,
1273 3798 1372 3854 littera
1385 3799 1408 3853 F
1426 3798 1586 3870 signatum,

355 3897 402 3942 est
414 3887 537 3958 epistola
550 3887 643 3959 ipsius
655 3887 778 3958 Canisii‚
791 3905 848 3960 qua
861 3889 937 3942 bona
950 3887 1056 3954 officia,
1070 3887 1100 3942 in
1113 3895 1261 3942 conventu
1274 3895 1439 3958 augustano
1457 3903 1474 3942 a
1487 3889 1587 3958 legato

355 3976 575 4033 Commendono
588 3991 640 4048 pro
652 3975 778 4032 ecclesia
791 3976 943 4048 praestita,
957 3976 993 4031 ad
1006 3973 1124 4032 fraudes
1137 3983 1168 4031 et
1180 3974 1413 4048 oppugnationes
1426 3975 1588 4031 haeretico·

355 4083 420 4121 rum
433 4064 625 4134 deludendas,
639 4064 806 4120 laudantur.
827 4063 943 4137 Scripta
956 4064 1011 4120 tuit
1024 4063 1073 4119 die
1089 4080 1107 4133 4
1125 4063 1194 4136 Maji
1214 4064 1282 4134 1566
1301 4065 1466 4135 Augustae,
1484 4071 1515 4120 et
1531 4063 1588 4120 Ca·

356 4152 424 4210 nisii
438 4171 526 4208 manu
538 4154 654 4224 signata
666 4155 801 4218 habetur,
817 4155 872 4209 loc.
891 4153 945 4209 cit.
967 4153 1133 4225 Utrumque
1155 4161 1389 4222 monumentum,
1409 4152 1477 4223 quia
1491 4153 1590 4224 potius

354 4241 392 4297 ad
404 4240 566 4302 Canisium.
579 4259 667 4315 quam
680 4242 716 4298 ad
730 4242 877 4309 Natalem,
891 4249 1017 4314 spectat,
1030 4243 1079 4298 hic
1091 4240 1288 4297 omittendum
1298 4240 1516 4296 existimamus.
1530 4241 1589 4296 No·

355 4331 475 4386 tandum
488 4339 586 4386 autem
600 4341 657 4402 est,
671 4331 701 4388 in
715 4331 840 4404 epistola
851 4331 904 4402 387
922 4331 1018 4404 aliqua
1032 4331 1139 4387 menda
1151 4330 1318 4403 irrepsisse,
1339 4347 1408 4402 prae
1426 4329 1588 4386 festinatio·

354 4437 403 4490 ne,
416 4437 474 4493 qua
487 4420 566 4476 illam
579 4421 697 4493 scripsit
709 4419 834 4492 Natalis,
849 4429 961 4476 mutato
974 4419 1090 4476 scilicet
1102 4420 1205 4476 ordine
1217 4419 1394 4490 litterarum,
1408 4425 1441 4474 ut
1454 4435 1508 4474 suo
1526 4420 1590 4474 loco

354 4509 534 4564 notabimus.
553 4510 664 4565 Horum
678 4511 852 4583 scriptorum
866 4512 1001 4582 exempla
1013 4511 1183 4582 archetypa,
1197 4526 1273 4582 quae
1286 4509 1334 4564 hic
1352 4508 1478 4577 edimus,
1498 4506 1587 4562 missa

354 4595 473 4652 fuerunt
485 4615 502 4654 a
516 4598 612 4653 Natali
626 4598 735 4654 Sancto
748 4600 904 4655 Francisco
917 4598 954 4654 de
968 4598 1064 4670 Borja,
1073 4599 1124 4672 qui
1134 4615 1169 4654 ea
1178 4601 1224 4666 (ut
1234 4597 1298 4670 ipse
1311 4596 1425 4652 Natalis
1436 4595 1466 4651 in
1479 4595 1588 4667 episto·

355 4687 383 4741 la
395 4684 459 4757 387,
472 4705 506 4744 n.
522 4685 548 4760 3,
562 4686 647 4758 dicit)
659 4704 773 4743 summo
787 4687 916 4761 pontifici
930 4695 1119 4761 praesentare
1131 4686 1246 4757 debuit,
1261 4695 1293 4742 ut
1306 4686 1343 4742 de
1355 4687 1446 4741 rebus
1458 4701 1589 4740 conven-
