3318 5376
793 525 896 582 Ensr.
917 521 951 577 P.
971 521 1177 592 Nauae-452

938 697 1029 763 ΛΜ

697 830 737 894 Ρ.
765 825 1074 895 HIERONYMUS
1097 827 1259 894 NADAL

664 942 802 998 PATRI
840 938 1106 999 LAURENTIO
1143 938 1292 999 MAGIO

705 1051 865 1111 burnonis,
888 1053 921 1110 19
939 1050 1119 1096 novarianis
1140 1039 1208 1108 1566
1229 1041 1248 1095 ¹.

421 1137 539 1208 Quibus
550 1137 769 1193 conditionibus
782 1138 951 1193 trebonense
963 1137 1123 1211 collegium
1134 1137 1356 1192 admdtendum
1368 1136 1533 1192 videatur.

424 1255 500 1342 Jhs
519 1253 556 1321 L’
573 1251 795 1321 arciuescouo
812 1253 847 1319 di
867 1255 982 1340 Praga
997 1255 1009 1286 ²
1027 1255 1072 1319 m'
1089 1256 1134 1320 ha
1149 1253 1278 1333 scritto,
1296 1263 1330 1318 et
1345 1253 1514 1318 mandato
1535 1273 1594 1318 co-

362 1367 419 1454 pia
434 1369 479 1436 de
493 1389 563 1434 una
577 1369 699 1437 lettera
714 1348 785 1436 che
798 1378 915 1435 nostro
931 1369 1042 1436 Padre
1059 1369 1218 1455 generale
1233 1367 1258 1434 li
1273 1370 1318 1434 ha
1333 1367 1468 1450 scritto,
1494 1389 1596 1453 sopra

361 1481 386 1548 il
407 1481 552 1570 collegio
573 1483 608 1549 di
629 1483 799 1564 Trebona,
822 1484 920 1570 quasi
939 1482 1163 1570 significando
1190 1505 1285 1552 esser
1310 1483 1342 1549 la
1365 1483 1537 1550 difficulta
1561 1483 1594 1548 in

362 1608 480 1664 trouar
494 1597 660 1684 suppositi
676 1619 737 1684 per
752 1609 896 1667 mettere
915 1598 950 1664 in
967 1600 1045 1686 quel
1060 1597 1217 1685 collegi03
1235 1609 1270 1665 et
1289 1597 1375 1667 hieri
1395 1601 1441 1664 ho
1469 1597 1595 1665 etiam-

363 1711 421 1778 dio
437 1722 600 1782 recevuto
615 1723 632 1757 ⁸
651 1714 773 1782 lettere
791 1714 846 1780 del
867 1724 985 1780 nostro
1006 1715 1117 1780 Padre
1137 1715 1163 1794 ⁸,
1188 1715 1277 1782 nelle
1303 1712 1395 1798 quali
1422 1713 1470 1778 mi
1495 1715 1541 1780 da
1563 1714 1592 1780 la

361 1827 602 1895 commissione
617 1827 652 1894 di
670 1838 818 1896 accettar
833 1830 912 1915 quel
928 1828 1071 1916 collegio
1086 1831 1139 1896 col
1159 1851 1223 1895 suo
1249 1831 1402 1897 membro
1422 1829 1458 1894 di
1483 1829 1591 1896 Casa-

361 1963 464 2024 noua,
484 1944 745 2011 admonendomi
761 1945 804 2016 de
819 1945 932 2029 quello
948 1947 1012 2010 che
1027 1943 1055 2009 si
1074 1943 1262 2014 determino
1282 1944 1371 2012 nella
1391 1965 1584 2030 congrega-

361 2057 458 2126 tione
474 2059 648 2144 generale,
667 2065 705 2125 ul
719 2061 764 2125 sit
779 2061 854 2126 sine
872 2061 1072 2127 detrimento
1092 2061 1239 2125 aliorum
1263 2060 1487 2146 collegiorum
1511 2059 1533 2140 ⁴,
1553 2067 1586 2124 et

362 2171 590 2258 significando
606 2177 670 2242 che
686 2197 754 2242 nun
771 2179 847 2241 sara
862 2175 1025 2242 difficulta
1041 2177 1106 2242 nel’
1124 2175 1250 2243 unione
1264 2175 1341 2242 dell’
1370 2174 1522 2254 abbatia,
1545 2175 1586 2238 ne

361 2287 577 2373 separatione
592 2289 681 2356 della
696 2310 789 2371 cura,
809 2301 875 2358 etc.
895 2291 938 2357 Et
953 2289 1075 2376 poiche
1090 2292 1110 2357 e
1126 2289 1267 2358 rimesso
1283 2312 1303 2358 a
1322 2311 1388 2372 me,
1410 2290 1445 2358 io
1477 2286 1585 2356 uorrei

361 2401 484 2488 guidar
501 2415 622 2488 questo
642 2404 782 2491 negotio
805 2427 870 2472 con
892 2407 975 2491 ogni
994 2404 1292 2492 circunspettione,
1322 2417 1356 2474 et
1379 2407 1450 2473 cosi
1475 2403 1584 2472 scriuo

359 2518 415 2582 all'
434 2517 656 2586 arciuescouo
673 2519 708 2585 in
728 2521 900 2607 generale,
919 2521 942 2586 il
958 2520 1139 2607 particular
1155 2521 1365 2590 remettendo
1381 2518 1401 2586 a
1417 2522 1461 2587 V.
1487 2521 1543 2599 R.,
1564 2541 1583 2583 ο

359 2632 394 2698 al
411 2635 450 2699 P.
470 2632 623 2701 Henrico
641 2637 653 2668 ³
669 2655 729 2720 per
745 2657 807 2702 sua
822 2634 1071 2716 commissione,
1090 2657 1186 2702 come
1201 2638 1234 2702 la
1249 2638 1290 2703 R.
1309 2636 1353 2703 V.
1373 2637 1501 2702 uedera
1526 2655 1582 2720 per

359 2747 393 2813 la
420 2770 483 2814 sua
509 2749 642 2829 lettera,
672 2749 772 2834 quale
799 2751 922 2819 mando
949 2763 1076 2838 aperta,
1106 2751 1199 2817 accio
1218 2750 1250 2818 la
1276 2749 1373 2832 serri,
1395 2771 1415 2816 o
1438 2749 1528 2818 auisi
1551 2748 1580 2812 al

359 2863 405 2930 P.
431 2860 585 2929 Henrico
600 2865 665 2930 che
680 2865 797 2930 auanti
812 2866 855 2932 de
870 2867 963 2933 darla
978 2867 1011 2931 la
1027 2865 1109 2932 serri
1125 2865 1159 2932 in
1176 2869 1301 2952 Praga;
1319 2876 1355 2932 et
1369 2865 1414 2930 mi
1430 2887 1496 2932 son
1521 2865 1577 2930 de-

359 2977 542 3046 terminato
566 2977 601 3043 in
623 2989 755 3063 questo:
781 2979 895 3048 Prima
917 2985 982 3048 che
1008 2983 1067 3048 noi
1090 3004 1158 3048 non
1185 2981 1347 3068 pigliamo
1372 2983 1416 3047 ne
1442 3002 1526 3048 cura
1547 2977 1578 3042 di

357 3094 468 3177 quella
483 3093 671 3178 parrochia,
689 3097 821 3163 comee
841 3096 968 3176 chiaro,
987 3099 1030 3163 ne
1046 3097 1201 3184 collegio,
1218 3099 1261 3163 ne
1279 3096 1424 3177 lettioni,
1443 3096 1543 3162 insin'
1559 3115 1576 3158 a

357 3217 451 3274 tanto
467 3209 542 3277 chel
557 3208 699 3296 negotio
716 3211 771 3278 del
790 3211 995 3280 monasterio
1011 3211 1027 3254 θ
1045 3223 1080 3279 et
1095 3212 1308 3298 separatione
1323 3213 1412 3280 della
1434 3233 1529 3291 cura,
1546 3219 1577 3275 et

356 3321 580 3407 applicatione
596 3325 651 3391 del
668 3326 873 3396 monasterio
890 3327 932 3394 de
948 3328 1141 3407 Casanoua,
1160 3327 1210 3394 sia
1225 3327 1401 3414 negotiato
1416 3327 1452 3393 in
1476 3329 1577 3396 Roma

354 3439 408 3504 col
424 3460 522 3523 papa,
540 3452 574 3507 et
590 3439 697 3508 siamo
713 3442 797 3508 certi
818 3444 882 3509 che
903 3443 935 3510 la
956 3445 1093 3509 volunta
1108 3441 1143 3508 di
1164 3443 1200 3512 S.
1224 3444 1297 3512 Sta.
1320 3465 1389 3510 non
1408 3443 1572 3517 mancan'u

354 3563 390 3618 et
405 3575 465 3640 per
481 3568 602 3640 questo
619 3557 732 3626 uorrei
747 3559 822 3624 chel
839 3557 957 3645 signor
972 3560 1016 3626 de
1031 3557 1147 3626 Rossis
1163 3561 1175 3594 ⁰
1199 3559 1306 3627 faccia
1333 3581 1402 3625 una
1422 3579 1571 3644 procura,

359 3695 557 3706 ——-—-.

410 3769 426 3802 ἃ
454 3759 564 3831 Apogr.
579 3761 766 3816 roceum-b
781 3761 920 3834 Sequitur
936 3763 970 3817 di
988 3763 1088 3833 quella
1102 3763 1248 3836 parochio
1265 3763 1452 3819 obliteratum
1470 3780 1487 3818 a
1505 3761 1568 3818 libr.

411 3935 419 3964 ¹
458 3931 502 3984 Ex
519 3933 697 4003 apographo,
716 3950 733 3987 a
750 3932 847 3989 Natali
863 3933 985 3988 Romam
1004 3934 1105 4004 misso,
1122 3933 1153 3989 in
1170 3935 1271 4006 Epist.
1294 3935 1418 4004 Natal„
1436 3937 1476 4008 Il,
1492 3935 1569 3992 unico

354 4016 425 4087 fol„
438 4017 489 4072 168
500 4020 586 4089 (176).
601 4019 697 4091 Hujus
707 4023 882 4093 transumpti
893 4023 1071 4077 mentionem
1081 4020 1151 4079 lacit
1165 4023 1277 4080 Natalis
1287 4025 1317 4080 in
1330 4025 1464 4097 epistola,
1477 4037 1510 4096 19
1519 4021 1569 4078 No·

355 4107 485 4162 vembris
499 4106 535 4162 ad
548 4107 684 4179 Borgiam
697 4109 775 4177 data,
787 4127 817 4165 ιι.
831 4123 858 4164 2.
872 4111 988 4166 Titulus
1001 4112 1069 4167 huic
1083 4121 1282 4184 monumento,
1294 4112 1408 4169 Natalis
1421 4131 1507 4170 manu
1523 4107 1570 4168 iui-

355 4193 396 4250 tio
409 4195 533 4267 positus,
544 4205 589 4252 est
603 4197 778 4269 hujusmodi:
792 4197 886 4272 Copia
899 4201 933 4255 di
945 4219 985 4254 on
998 4201 1131 4273 capitulo
1144 4202 1193 4256 che
1206 4203 1245 4256 lta
1257 4203 1348 4258 serito
1360 4200 1455 4256 Notal
1467 4202 1500 4256 al
1509 4205 1570 4274 pro·

355 4284 473 4340 uincial
490 4287 524 4340 di
541 4287 682 4342 Austria.
705 4286 896 4344 Prouincialis
913 4297 1013 4346 autem
1031 4299 1093 4345 erat
1111 4289 1143 4345 P.
1164 4290 1338 4347 Laurentius
1361 4291 1484 4362 Magius.
1504 4285 1570 4344 Vide

359 4388 459 4444 supra,
474 4389 545 4445 pag.
563 4374 631 4430 230.

411 4465 421 4496 ²
460 4463 607 4519 Antonius
620 4466 695 4520 Brus
708 4463 745 4520 de
759 4466 894 4538 Muglitz.
1180 4465 1191 4501 ¹
1228 4467 1304 4524 Vide
1316 4468 1403 4540 epist.
1416 4467 1525 4540 443,'n.
1539 4462 1564 4519 3·

406 4554 419 4586 ⁴
454 4551 615 4609 Decretum
628 4563 765 4610 octavum
779 4555 926 4612 secundae
938 4557 1176 4629 congregationis
1189 4557 1352 4630 generalis.

407 4637 419 4672 ¹
454 4641 649 4714 Blyssemius,
663 4652 760 4700 rector
773 4645 890 4717 collegii
902 4647 1066 4719 pragensis.

403 4731 416 4764 ⁶
454 4729 529 4786 Vide
543 4732 629 4804 epist.
646 4731 710 4806 432,
724 4752 757 4790 n.
774 4735 801 4803 6;
817 4743 847 4791 et
861 4733 923 4810 437,
939 4754 969 4792 n.
983 4753 1014 4808 9.
