3322 5376
524 501 561 546 20
580 491 709 552 Araura
730 489 797 561 1567
1182 488 1237 564 453

4 707 5 710 ,
73 663 154 710 come
166 640 205 708 lei
219 650 328 710 stessa
343 640 372 710 si
388 639 571 710 ricordard.
587 639 749 728 Supplico
765 642 798 711 la
814 644 854 716 P.
870 645 929 724 V.,
943 665 1004 730 per
1019 642 1132 728 quello
1144 644 1209 710 che
1225 645 1273 710 ha

74 756 232 838 daventre,
244 759 312 825 che
323 755 370 822 mi
381 755 495 824 scriua
509 755 777 840 risolutamente,
795 768 830 826 et
841 757 888 824 mi
899 757 955 825 dia
970 758 1003 826 la
1014 758 1158 824 formula
1169 759 1271 824 ett'am

5 865 6 868 '
76 873 106 938 in
120 871 295 966 1311311133,
306 881 437 958 quanto
449 871 478 938 si
489 870 624 958 puotri,
638 871 725 940 delle
737 872 941 940 fundationi:
959 883 994 941 et
1009 872 1042 940 io
1059 894 1127 944 non
1142 873 1272 944 hauerd
1325 899 1335 914 ⁸

76 989 111 1054 da
123 985 176 1054 fa!
188 987 271 1054 altro
285 1008 326 1056 se
342 1008 412 1054 non
427 997 662 1073 representare
682 987 795 1072 quello
810 989 876 1056 che
892 987 938 1054 mi
953 987 1103 1056 scriuera
1117 987 1151 1058 la
1167 989 1206 1056 P.
1225 987 1271 1056 V.

75 1101 120 1168 3111
134 1100 305 1184 fundatori,
323 1111 359 1168 et
376 1103 427 1168 far
442 1100 515 1169 dire
534 1121 647 1175 messe
660 1111 696 1170 et
711 1101 773 1174 far’
789 1101 931 1170 orationi
947 1124 1007 1191 per
1021 1101 1045 1170 il
1060 1103 1154 1170 buon
1170 1103 1275 1176 effet-

76 1225 112 1296 to,
126 1225 199 1298 etc,
214 1227 251 1284 et
265 1214 329 1283 far'
344 1215 426 1302 ogni
442 1215 632 1302 diligentia,
652 1226 688 1284 et
709 1216 842 1285 metter'
865 1217 947 1303 ogni
970 1216 1192 1286 solecitudine
1215 1217 1274 1304 piu

74 1332 126 1398 che
139 1330 197 1398 mai
211 1352 277 1399 con
291 1332 326 1398 13
340 1329 451 1418 gratia
465 1331 522 1400 del
533 1330 692 1418 signore,
707 1329 801 1402 accio
812 1331 840 1400 s’
852 1331 1064 1419 essequiachi
1079 1331 1194 1418 quello
1207 1331 1274 1401 che

75 1445 146 1512 faP.
162 1448 202 1514 V.
219 1445 389 1514 ordinari.
408 1447 505 1516 Veda
519 1447 553 1513 la
569 1448 610 1514 P.
629 1448 672 1520 V.
697 1467 758 1533 per
778 1446 882 1516 amor’
903 1447 958 1515 del
985 1447 1134 1534 Signore
1161 1447 1274 1534 quello

74 1561 127 1630 che
139 1560 319 1630 determina
334 1583 394 1648 per
408 1561 431 1627 1'
448 1560 598 1643 auenire3
616 1562 740 1648 perche
763 1561 850 1630 oltra
865 1563 897 1630 le
913 1583 993 1631 cose
1008 1565 1113 1642 dette,
1131 1561 1178 1628 mi
1193 1583 1274 1648 pare

74 1676 233 1746 conuenire
247 1677 280 1744 31
295 1677 398 1744 modo
413 1676 448 1744 di
463 1677 649 1763 procedere
660 1677 748 1744 della
760 1677 972 1765 Compagnia
984 1680 1063 1758 che,
1077 1679 1213 1744 etiamsi
1224 1675 1274 1764 gli

75 1791 233 1876 fundatori,
250 1814 313 1880 per
327 1793 360 1859 la
375 1803 522 1860 estrema
537 1791 704 1860 necessita
720 1802 755 1859 et
766 1792 841 1862 zelo
851 1794 919 1861 che
930 1795 1047 1862 hanno
1058 1791 1135 1860 dell'
1148 1792 1272 1876 anime,

76 1927 215 1976 venaeero
229 1930 250 1976 a
265 1906 459 1976 consentire
474 1907 509 1972 in
525 1927 605 1974 cose
629 1929 649 1974 a
663 1907 736 1975 foro
751 1907 890 1990 difficili,
909 1929 968 1994 per
984 1929 1053 1976 non
1068 1917 1190 1994 puoter
1210 1907 1273 1974 far²

73 2021 153 2104 altro,
168 2045 237 2090 non
252 2021 483 2092 deueressimo
499 2022 638 2111 exigere
654 2034 750 2092 tanto
766 2033 1013 2104 strettamente,
1032 2033 1115 2090 etc.:
1133 2033 1168 2091 et
1183 2041 1273 2109 puo-

74 2135 124 2203 tria
135 2137 231 2206 esser'
247 2139 316 2206 che
330 2135 423 2225 dipoi
439 2139 505 2206 che
520 2137 657 2206 sforzati
678 2139 941 2208 condescessero
960 2139 993 2206 al
1012 2148 1129 2206 nostro
1156 2137 1272 2217 modo,
1388 2205 1392 2216 ,

73 2255 202 2322 verrendo
217 2276 238 2321 a
254 2263 370 2340 tempo
385 2256 451 2321 che
467 2274 536 2320 non
558 2255 726 2322 hauesero
742 2263 837 2320 tanta
852 2253 1019 2324 necessita
1034 2251 1069 2319 di
1084 2251 1154 2332 noi,
1177 2250 1206 2319 si
1227 2250 1275 2317 ri-

73 2369 228 2438 33τά33313
242 2368 279 2436 di
295 2379 431 2454 questo,
449 2374 481 2436 et
495 2369 619 2436 uellent
644 2391 745 2436 auam
765 2370 951 2436 libertatem
972 2374 1188 2454 recuperare,
1210 2387 1272 2435 nec

74 2487 145 2549 stare
154 2485 348 2570 ponaer,
363 2505 459 2552 come
475 2485 550 2553 sara
571 2505 705 2572 sempre
721 2483 821 2552 facile
836 2507 857 2551 a
872 2485 944 2550 loro
960 2483 995 2550 in
1010 2481 1206 2552 Germania.
1230 2481 1273 2548 Et

75 2610 173 2679 questo
187 2621 289 2686 posso
304 2599 505 2668 confirmare
521 2621 581 2686 per
596 2598 765 2686 essempio
779 2599 834 2666 del
855 2598 1076 2666 arciuescouo
1099 2596 1143 2665 de
1170 2597 1273 2664 Cam·

76 2711 151 2799 bray,
163 2713 297 2802 iiquale
308 2713 345 2781 in
356 2715 518 2801 Augusta
528 2714 552 2779 l’
565 2735 655 2782 anno
668 2723 803 2800 passato
814 2713 949 2782 diceua:
967 2712 1073 2780 «mihi
1084 2715 1134 2780 eat
1145 2712 1275 2798 ingro-

75 2833 140 2908 tnm,
151 2830 238 2915 quod
252 2829 396 2896 aradium
411 2830 499 2896 mate
514 2829 637 2896 audire
652 2829 847 2896 Societatem
863 2829 955 2915 apud
970 2849 1034 2909 eoa,
1050 2829 1110 2914 qui
1125 2827 1199 2894 eiua
1214 2826 1274 2892 de-

74 2943 206 3012 siderant
223 2953 377 3033 operam,
399 2945 488 3032 quod
508 2944 568 3010 1200
588 2950 744 3030 tempore,
765 2966 841 3010 oum
862 2944 974 3010 videat
993 2943 1140 3010 Societas
1160 2947 1274 3008 extre-

73 3079 147 3126 mam
164 3081 233 3128 ease
251 3063 482 3130 necessitatem
501 3081 647 3126 auorum
666 3066 865 3147 operarum,
889 3065 959 3126 tam
986 3058 1093 3124 multa
1115 3061 1219 3143 petat,
1241 3061 1273 3122 et

71 3177 127 3240 tam
136 3177 317 3264 diffinitas>
328 3186 394 3243 etc.
410 3177 454 3242 Et
466 3174 496 3242 ci
508 3173 684 3244 mettiamo
697 3185 713 3218 ²
723 3173 759 3241 13
772 3174 931 3260 pericolo,
945 3196 1006 3260 per
1022 3182 1142 3259 questa
1153 3193 1269 3252 causa,

69 3285 95 3351 di
108 3311 168 3356 non
181 3311 380 3378 promouere
395 3291 428 3357 13
444 3289 656 3376 Compagnia
672 3288 708 3357 in
723 3290 929 3375 Alamagna,
947 3289 980 3354 la
995 3287 1050 3354 cui
1066 3287 1176 3354 salute
1188 3285 1211 3351 li
1226 3285 1272 3353 bd

71 3407 305 3473 noeomandata
321 3407 412 3471 inter
423 3407 545 3491 prima
560 3407 768 3471 ministeria.

127 3535 153 3604 5.
197 3522 291 3589 Sono
311 3520 440 3602 andati,
462 3531 583 3605 quatro
603 3541 624 3586 0
644 3519 769 3609 cinque
795 3517 907 3606 giomi
934 3519 984 3598 fa,
1003 3519 1090 3584 Mro
1116 3513 1269 3583 Antonio

74 3631 180 3714 Vinch,
196 3645 229 3702 et
249 3638 336 3703 Mro.
355 3635 532 3703 Hermann
551 3637 559 3668 ¹
577 3657 597 3702 3
614 3633 750 3702 visitare
765 3632 788 3700 il
805 3635 901 3701 Rmo.
918 3633 1022 3702 eletto
1042 3629 1228 3700 treuirense
1250 3649 1270 3694 3

73 3747 281 3831 Continentia,
300 3751 366 3818 che
381 3751 402 3818 ὁ
420 3749 532 3836 33311ο
552 3750 618 3820 che
638 3749 695 3836 gia
716 3770 773 3817 era
796 3750 938 3827 decano,
963 3758 998 3814 et
1025 3746 1130 3813 molto
1153 3752 1270 3811 nostro

72 3880 189 3946 sempre
201 3865 226 3946 ¹3
244 3875 278 3934 et
294 3875 308 3907 ⁰
329 3865 416 3933 oltre
431 3866 497 3932 che
513 3873 724 3931 trattaranno
739 3864 886 3931 alchune
906 3882 985 3929 cose
1000 3860 1088 3929 delle
1102 3856 1269 3926 necessita

71 3977 212 4063 armenti,
229 3989 431 4048 1331313333
446 3978 475 4046 si
490 3980 591 4046 vuole
608 3987 747 4045 11311313
762 3977 852 4046 della
873 3974 1074 4043 fundatione
1089 3973 1144 4041 del
1164 3972 1270 4040 colle-

71 4089 132 4174 gio.
150 4094 182 4160 fo
197 4117 265 4162 non
291 4095 324 4162 ci
351 4117 415 4163 son
434 4095 575 4176 andato,
605 4094 732 4181 perche
753 4102 929 4180 aspettaua
950 4090 1010 4176 qui
1030 4093 1117 4157 Mro.
1147 4089 1269 4155 Coste·

71 4234 258 4257 ——Q

115 4325 129 4356 ἃ
152 4319 265 4374 everha
277 4335 361 4391 3333.
375 4333 462 4390 supra
475 4333 553 4372 1313.
566 4313 677 4372 addidit
689 4312 755 4370 libr.
760 4314 810 4356 -b
820 4313 886 4370 Hoc
898 4310 982 4367 verb.
996 4327 1084 4383 supra
1097 4325 1175 4366 vera.
1190 4305 1273 4366 addi-

70 4397 109 4454 dit
118 4401 224 4461 libr-c
236 4405 253 4462 8
265 4408 358 4464 verba
369 4423 456 4480 aeqq.
476 4405 506 4461 in
520 4420 612 4476 marg.
625 4401 737 4460 addidit
750 4401 820 4458 libr.

77 4525 265 4542 h——n—

117 4599 123 4632 '
155 4602 314 4675 ffiyraeua,
326 4609 424 4658 rector
435 4597 552 4670 collegii
564 4595 750 4656 trevirensis.

115 4687 126 4722 ¹
157 4690 227 4747 Vide
238 4689 367 4765 append.
381 4687 449 4744 XLI
462 4697 493 4744 et
504 4687 615 4746 XLIV.
