3482 5386
679 539 845 596 Aaauuorx

736 803 780 868 ΙΙΙ

498 930 530 987 ε.
551 931 798 990 ranucrscus
817 935 871 990 nu
889 934 1017 1008 BORJA

444 1069 636 1116 ALBERTO
664 1069 705 1131 V,
735 1069 831 1117 DUCI
861 1071 1074 1122 BAVARIAE

504 1183 644 1263 Romae,
661 1199 680 1265 7
694 1180 870 1250 Februarii
890 1185 974 1268 1566
991 1187 1013 1253 ¹.

614 1315 752 1386 Epistola
764 1314 906 1388 officiosa.

210 1432 319 1499 Illme.
338 1431 497 1516 princeps
513 1441 548 1498 et
563 1433 652 1497 Dne.
671 1431 706 1498 in
723 1434 811 1516 Xpo.
838 1434 956 1499 obs.me
978 1435 1150 1519 Quamuis
1171 1437 1369 1524 iampridem

135 1519 302 1590 Societas
318 1530 435 1586 nostra
454 1528 489 1585 et
509 1519 679 1586 benefitiis
702 1521 837 1606 magnis
861 1522 903 1588 V.
932 1525 1050 1588 13che
1070 1525 1242 1607 deuincta,
1268 1539 1303 1595 et
1326 1532 1370 1597 ob

135 1611 353 1694 praeclaram
370 1619 404 1677 et
424 1608 590 1674 illustrem
611 1609 800 1675 catholicae
821 1609 995 1696 religionis
1017 1614 1277 1697 protectionem,
1304 1640 1371 1702 qua

137 1699 180 1765 E.
203 1701 249 1765 V.
268 1700 312 1765 de
328 1696 472 1765 ecclesia
487 1696 553 1764 Dei
570 1697 699 1781 optime
716 1708 877 1778 meretur,
896 1721 996 1766 suum
1009 1704 1257 1788 qualecumque
1270 1709 1370 1775 obse-

135 1785 262 1872 quium
274 1809 317 1853 ex
329 1785 442 1852 animo
453 1784 562 1852 eidem
580 1785 754 1865 obtulerit,
773 1808 865 1853 nunc
877 1789 1055 1857 occasione
1068 1792 1285 1875 profectionis
1307 1796 1370 1862 do-

138 1877 248 1943 ctoris
265 1875 468 1959 Hieronymi
483 1874 615 1940 Natalis
630 1874 665 1939 in
686 1875 919 1955 Germaniam,
943 1877 998 1943 eui
1022 1890 1099 1963 post
1122 1881 1309 1947 exhibitum
1335 1884 1370 1949 in

139 1965 238 2034 dieta
265 1966 337 2033 sedi
364 1961 569 2049 apostolicae
596 1963 832 2043 ministerium,
863 1967 1007 2052 collegia
1035 1977 1150 2034 nostra
1174 1971 1370 2054 germanica

140 2055 317 2121 uisitanda
332 2052 574 2132 commisimus
593 2052 686 2117 uolui
703 2053 742 2118 E.
762 2055 850 2119 V.²m
864 2055 917 2120 his
929 2053 1049 2123 litteris
1062 2057 1220 2139 salutare,
1240 2059 1370 2127 eidem-

141 2165 213 2228 que
228 2166 344 2211 meum
359 2150 394 2209 et
410 2141 569 2209 minimae
584 2152 721 2207 nostrae
738 2141 918 2210 Societatis
938 2144 1139 2228 obsequium
1162 2157 1197 2214 et
1217 2149 1368 2216 studium

141 2233 188 2299 de
204 2231 342 2318 integro
358 2231 491 2309 offerre,
510 2228 679 2314 simulque
695 2231 888 2316 supplicare
905 2234 944 2297 E.
963 2234 1066 2312 vam,
1086 2244 1123 2300 ut
1136 2233 1163 2301 si
1178 2234 1260 2320 quid
1272 2259 1371 2322 prae-

118 2331 123 2340 “
140 2320 258 2387 dictus
277 2325 379 2388 Pater
394 2318 526 2386 Natalis
542 2339 618 2384 meo
635 2318 771 2387 nomine
787 2319 921 2399 dixerit,
940 2321 1042 2388 fidem
1059 2322 1091 2388 ei
1103 2322 1274 2391 adhibeat.
1292 2328 1370 2393 Non

142 2410 352 2478 commendo
368 2409 478 2494 ipsum
496 2427 560 2472 nec
574 2407 735 2474 bauarica
750 2409 896 2494 collegia
913 2410 952 2475 E.
972 2411 1068 2489 V.²⁸‚
1088 2411 1168 2495 quia
1188 2411 1271 2478 mihi
1294 2435 1373 2499 per-

141 2501 273 2567 suadeo
293 2520 362 2565 non
384 2519 425 2565 ea
445 2497 554 2562 solum
577 2497 681 2581 (quod
705 2495 913 2579 experientia
935 2499 1077 2583 docuit),
1095 2500 1157 2567 sed
1174 2499 1370 2570 uniuersam

141 2589 351 2656 Societatem
369 2583 737 2653 commendatissimam
753 2587 892 2668 habere,
916 2595 951 2654 et
971 2609 1034 2654 nos
1056 2609 1175 2656 omnes
1200 2599 1371 2676 tamquam

143 2698 228 2743 suos
244 2665 409 2763 peculiari
425 2671 638 2760 benignitate
653 2684 688 2740 et
705 2677 828 2760 fauore
838 2674 1009 2760 prosequi.
1029 2678 1177 2743 Tantum
1196 2700 1280 2764 ergo
1296 2702 1372 2765 pre-

144 2767 251 2832 cabor
277 2765 344 2832 Dei
371 2763 570 2840 bonitatem,
600 2773 638 2827 ut
665 2764 704 2828 E.
731 2764 822 2829 vam
839 2763 897 2828 diu
913 2763 1109 2832 incolumen
1125 2779 1319 2848 conseruet,
1339 2781 1374 2836 et

146 2853 281 3009 ἓξὲξ
297 2876 385 3010 quq}
394 2852 493 2918 donis
509 2851 544 2917 in
560 2851 633 2918 dies
650 2851 758 2937 magis
774 2873 813 2918 ac
827 2852 936 2939 magis
947 2865 1100 2922 exornet.
1117 2856 1257 2936 Romae,
1274 2875 1293 2939 7
1307 2859 1373 2926 Fe-

320 2959 338 3026 5
390 2992 397 3006 .

741 3111 788 3178 IV

467 3245 497 3300 S.
519 3243 805 3300 FRANCISCUS
830 3243 888 3297 DE
907 3241 1051 3313 BORJA

546 3397 549 3404 ’
596 3379 763 3428 URSULAE
779 3379 923 3426 FUGGER

503 3496 642 3574 Romae,
662 3491 870 3575 7Februarii
890 3492 974 3575 1566
987 3492 1013 3556 ¹.

614 3626 753 3698 Epistola
765 3623 907 3697 officioso.

216 3746 359 3816 Illustris
378 3748 467 3813 Dna.
489 3756 524 3812 et
546 3741 630 3809 mihi
658 3741 838 3827 plurimum
862 3740 896 3806 in
922 3741 1012 3826 Xpo.
1036 3741 1262 3807 obseruanda.
1281 3741 1369 3808 Cum

149 3842 195 3907 D.
205 3847 235 3882 ⁰¹
250 3837 482 3921 Hieronymus
498 3831 629 3901 Natalis
644 3831 677 3896 in
691 3829 921 3908 Germaniam,
937 3841 975 3896 ut
993 3829 1174 3915 Augustae
1189 3829 1301 3898 dietae
1317 3829 1372 3895 in-

205 4040 214 4072 ¹
251 4035 296 4090 Ex
309 4033 450 4103 Regem,
465 4027 537 4086 Corl.
553 4043 585 4098 33
594 4028 642 4100 s),
658 4026 705 4098 161,
717 4025 763 4082 66.
777 4025 812 4080 111
826 4023 967 4096 margine:
982 4025 1071 4080 Duco
1084 4026 1120 4080 de
1135 4025 1281 4080 Baviara.
1298 4023 1375 4079 Vide

150 4121 221 4197 pag.
240 4137 268 4191 2,
282 4130 312 4177 et
325 4137 410 4193 seqq.

200 4218 211 4249 ⁸
248 4214 293 4267 Ex
306 4211 445 4281 Regesto,
463 4207 534 4263 Cod.
552 4221 584 4277 33
593 4205 638 4277 f),
652 4205 702 4260 fol.
717 4205 763 4260 66.
776 4205 811 4258 In
825 4203 965 4273 margine:
981 4203 1123 4275 Augusto
1137 4203 1204 4258 Sta
1218 4203 1370 4262 Fuchara.

148 4301 223 4358 Vide
235 4317 303 4374 pag.
318 4314 346 4370 2,
359 4307 390 4354 et
403 4313 497 4370 seqq:
512 4305 541 4352 et
555 4295 642 4366 epist.
657 4293 720 4363 359,
734 4311 763 4348 n.
779 4291 805 4346 3.
821 4291 945 4361 ibidem,
960 4291 1030 4346 folio
1044 4290 1159 4362 eodem,
1174 4292 1246 4346 haec
1259 4290 1296 4345 de
1310 4291 1371 4346 Na·

147 4391 213 4446 talis
227 4389 365 4446 missione
378 4389 532 4442 habentur:
548 4385 578 4440 in
595 4383 741 4454 margine:
760 4383 914 4452 Augusto:
935 4389 966 4436 et
983 4379 1092 4435 deinde
1104 4381 1178 4434 haec
1197 4387 1371 4452 sequuntur:

151 4481 227 4536 «Pax
240 4479 288 4535 ΧΑ
308 4485 365 4532 etc.
382 4475 440 4530 Alli
454 4483 531 4530 sette
544 4473 574 4528 di
587 4472 712 4528 Febraio
727 4471 807 4540 1566,
822 4469 896 4540 parti
909 4469 940 4524 di
953 4469 1046 4524 Roma
1058 4467 1078 4524 il
1093 4469 1143 4524 P.e
1156 4469 1242 4524 Natal
1256 4484 1312 4523 con
1326 4477 1374 4523 116

150 4568 314 4640 compagni,
333 4566 367 4620 id
383 4569 436 4632 est,
454 4563 505 4619 P.0
519 4563 558 4616 D.
576 4559 731 4630 Ledesma,
750 4561 801 4614 Re
816 4559 970 4632 Ximenez,
994 4557 1124 4628 Georgia
1136 4559 1254 4630 polono,
1274 4575 1327 4629 per
1346 4557 1375 4612 la

150 4657 236 4714 dieta.
251 4657 293 4712 Fu
308 4661 521 4725 acompagnato
533 4668 588 4707 con
601 4652 706 4706 lettere
719 4648 749 4704 di
763 4657 863 4704 nostro
874 4647 968 4704 Padre
979 4649 1026 4719 pel
1041 4645 1176 4702 cardenal
1187 4644 1373 4716 Comendon,

152 4748 261 4819 legato,
279 4745 355 4801 duca
373 4743 402 4798 di
419 4740 553 4807 Babiera,
573 4741 669 4810 Sigss
684 4740 707 4794 F
710 4755 804 4806 ucara,
825 4737 984 4809 imperator
997 4745 1028 4792 et
1046 4735 1240 4809 emperatrice
1259 4743 1330 4803 eto,
1344 4743 1377 4790 et
