3482 5386
790 473 895 531 Eersr.
914 471 947 528 P.
969 473 1082 528 Nrnrn

880 678 988 745 LXIII

609 783 611 790 ’
727 807 972 866 srnursrnus
990 807 1136 874 Hosius

603 953 765 1002 SANCTO
794 954 1030 1002 FRANCISCO
1062 955 1113 1010 DE
1130 955 1261 1016 BORJA

637 1074 880 1162 Heilsbergae,
899 1074 1083 1164 5Januarii
1103 1077 1186 1160 1568
1206 1081 1229 1145 ¹.

585 1207 806 1280 Operariorum
819 1225 834 1263 e
848 1207 992 1264 Societate
1001 1210 1187 1282 paucitatem
1197 1209 1286 1266 dolet.

391 1334 476 1400 Rde.
501 1335 614 1399 Pater.
638 1333 741 1418 Quod
765 1333 849 1399 Rda.
873 1335 912 1399 P.
939 1335 982 1400 V.
1007 1334 1143 1401 Patrem
1169 1332 1388 1419 Philippum¹
1413 1334 1451 1400 ad
1473 1355 1531 1400 nos

322 1421 464 1500 miserit,
482 1421 591 1488 habeo
607 1420 764 1506 gratiam.
784 1420 887 1487 Venit
902 1424 970 1487 huc
986 1423 1051 1488 sub
1067 1421 1140 1508 ipsa
1156 1424 1243 1490 festa
1259 1421 1424 1502 natalicia,
1438 1444 1529 1506 quem

323 1530 391 1596 ego
407 1509 519 1576 statim
537 1509 715 1596 Elbingam
733 1508 824 1588 misi,
842 1509 900 1576 vbi
917 1509 980 1574 fvit
996 1532 1055 1596 per
1074 1521 1222 1595 quatuor
1237 1511 1309 1577 dies
1331 1512 1442 1580 festos.
1457 1512 1531 1578 Inde

325 1608 444 1684 postea
459 1597 558 1683 redijt
573 1599 616 1663 ad
633 1619 699 1667 me.
718 1600 795 1685 lpso
811 1597 867 1666 die
882 1598 1147 1666 circumcisionis
1163 1599 1300 1666 Domini
1323 1599 1387 1666 luit
1407 1599 1531 1666 auditus

323 1709 344 1752 a
366 1706 433 1766 me,
451 1707 528 1752 curn
554 1687 695 1755 haberet
718 1685 918 1753 concionem
943 1689 987 1753 ad
1009 1689 1184 1774 populum.
1204 1689 1313 1755 Video
1334 1689 1440 1754 virum
1461 1709 1528 1756 esse

323 1775 477 1856 doctum,
495 1785 530 1841 et
545 1776 670 1842 habere
686 1774 825 1862 linguae
841 1775 997 1862 gratiam,
1015 1778 1076 1844 sed
1091 1788 1326 1862 praeterquam
1338 1779 1428 1861 quod
1438 1777 1527 1843 iuue-

323 1863 377 1930 nis
392 1874 457 1946 est,
474 1865 587 1929 adhuc
602 1884 721 1932 vocem
744 1864 846 1931 etiam
870 1865 974 1930 habet
997 1864 1134 1947 exilem,
1153 1876 1207 1947 vt,
1225 1865 1290 1931 nisi
1306 1867 1383 1949 quis
1403 1864 1529 1950 propius

324 1951 429 2034 adsit,
452 1951 487 2018 in
512 1962 579 2018 tam
602 1953 711 2038 ampla
734 1952 896 2035 ecclesia,
919 1953 1028 2038 qualis
1047 1964 1099 2020 est
1125 1954 1347 2040 eibingensiS,
1369 1954 1530 2039 percipere

324 2043 428 2110 verba
440 2062 509 2107 non
522 2041 638 2127 possit.
651 2043 881 2126 Quamobrem
894 2043 1030 2128 gaudeo
1038 2043 1173 2126 quidem
1186 2043 1281 2110 illurn
1294 2046 1363 2108 huc
1374 2065 1446 2110 esse
1457 2041 1531 2107 mis·

325 2151 413 2209 sum,
437 2131 498 2198 sed
519 2131 610 2215 quod
633 2152 695 2215 pro
716 2151 784 2196 vno
807 2130 910 2196 misso
932 2133 1001 2198 duo
1024 2142 1248 2218 reposcuntur
1269 2132 1365 2213 hinc,
1384 2130 1532 2196 nimirum

326 2220 366 2285 P.
382 2219 504 2286 Petrus
521 2229 555 2286 et
571 2217 609 2285 P:
627 2220 803 2285 Balthasar
814 2220 840 2300 ³,
858 2240 925 2285 non
942 2231 993 2286 est
1009 2221 1100 2304 quod
1116 2221 1297 2305 gaudeam,
1312 2241 1376 2287 nec
1388 2232 1438 2286 est
1450 2219 1533 2304 quod

324 2328 425 2392 agam
441 2308 580 2394 gratias,
605 2308 796 2374 Promissus
820 2307 902 2373 mihi
925 2307 1054 2393 pridem
1079 2308 1141 2374 fvit
1164 2310 1203 2374 P.
1222 2309 1394 2376 Henricus
1413 2305 1535 2394 Dyoni-

325 2395 413 2476 sius,
431 2418 543 2480 neque
564 2407 677 2462 tamen
698 2399 865 2462 hactenus
888 2397 1011 2463 missus
1031 2406 1100 2477 est,
1119 2419 1219 2482 quem
1240 2398 1269 2463 si
1291 2397 1424 2481 quando
1444 2395 1538 2462 nobis

324 2484 452 2552 habere
467 2485 616 2566 licuerit,
634 2507 703 2550 non
723 2506 845 2551 recuso
860 2485 941 2571 quin
958 2486 998 2550 P.
1017 2487 1140 2552 Petrus
1162 2499 1353 2553 reuocetur.
1372 2485 1540 2570 Quamdiu

325 2595 407 2641 vero
423 2595 491 2639 non
508 2573 638 2641 venerit
650 2574 718 2652 ille,
737 2595 864 2659 quaeso
877 2575 997 2640 Rdam.
1014 2575 1052 2639 P.
1068 2576 1112 2641 V.
1126 2587 1164 2640 vt
1177 2576 1257 2641 mihi
1270 2576 1309 2640 P.
1325 2577 1458 2640 Petrum
1471 2593 1540 2638 non

325 2661 457 2749 eripiat,
468 2683 511 2728 ne
521 2661 676 2730 videatur
688 2661 937 2748 eibingensium
949 2662 1062 2743 saluti,
1072 2663 1303 2747 quosChristo
1313 2661 1539 2729 lucrifaciendi

326 2772 386 2837 pet
402 2771 478 2815 eum
495 2771 573 2834 spes
588 2751 791 2831 ostenditur,
809 2749 972 2819 invidere.
992 2755 1120 2838 Magno
1136 2774 1190 2820 me
1205 2753 1322 2818 dolore
1338 2754 1494 2830 afficeret,
1509 2751 1538 2816 si

325 2849 491 2925 perstaret
506 2838 541 2904 in
558 2841 622 2905 hac
643 2840 733 2906 illius
752 2840 984 2908 reuocatione.
1005 2843 1083 2909 Mea
1103 2840 1340 2908 benedictione
1360 2863 1428 2907 non
1448 2839 1537 2924 prius

326 2926 559 3013 proficiscetur
575 2951 643 3013 quo
659 2928 792 2995 iusserit
808 2931 849 2994 R.
868 2930 906 2995 P.
924 2931 982 3011 V.,
1001 2950 1102 3014 quarn
1119 2930 1159 2996 P.
1174 2928 1345 2997 Henricus
1360 2928 1539 3014 Dyonisius

325 3017 369 3082 ad
385 3037 447 3082 nos
463 3017 606 3098 venerit,
625 3039 703 3083 cum
719 3017 916 3103 praesertim
936 3018 1074 3086 alterius
1094 3016 1196 3084 etiam
1217 3017 1365 3085 ciuitatis
1387 3039 1538 3103 magnae,

325 3125 414 3189 quae
430 3127 499 3170 non
516 3107 660 3172 multum
678 3106 888 3192 Antuerpiae
904 3107 1012 3186 cedit,
1032 3107 1168 3174 Christo
1185 3106 1447 3174 lucrifaciendae
1468 3125 1542 3191 spes

326 3194 439 3278 aliqua
461 3195 601 3260 subesse
628 3195 794 3263 videatur.
820 3195 900 3264 Scio
928 3197 1021 3279 quod
1046 3218 1147 3264 nemo
1174 3217 1230 3261 me
1257 3196 1367 3282 magis
1393 3193 1539 3280 impedit,

326 3304 428 3367 quam
444 3284 484 3347 R.
507 3285 545 3348 P.
565 3283 707 3362 Natalis,
725 3285 768 3351 de
783 3305 851 3368 quo
869 3295 982 3352 tamen
999 3284 1139 3353 meritus
1155 3283 1189 3349 id
1202 3306 1277 3352 esse
1293 3307 1360 3350 non
1372 3284 1498 3352 videor.
1514 3284 1544 3348 ls

326 3372 456 3437 nullum
478 3371 596 3438 adme
618 3372 723 3452 mitti,
742 3373 825 3458 quin
848 3384 881 3439 et
904 3394 980 3454 eos,
998 3372 1055 3457 qui
1078 3373 1172 3440 missi
1195 3385 1292 3452 sunt,
1310 3385 1445 3459 ereptos
1465 3369 1542 3437 mihi

325 3459 431 3544 cupit.
451 3461 565 3528 Solam
581 3482 657 3530 esse
668 3471 766 3548 putat
779 3461 982 3542 Flandriam,
996 3483 1083 3547 quae
1095 3463 1180 3528 tales
1192 3463 1289 3528 verbi
1299 3461 1364 3530 Dei
1376 3460 1543 3526 ministros

325 3549 453 3616 habere
469 3549 604 3629 debeat,
623 3571 701 3616 cum
719 3561 833 3616 tamen
849 3572 957 3635 aeque
972 3571 1033 3637 pro
1048 3550 1149 3617 nobis
1165 3550 1354 3637 pruthenis,
1370 3566 1472 3634 atque
1485 3567 1542 3634 pro

325 3637 475 3717 flandris,
490 3639 691 3724 sanguinem
704 3660 804 3704 suum
818 3639 974 3711 Christus
987 3639 1186 3725 profuderit,
1201 3660 1265 3706 nec
1279 3639 1388 3724 magis
1400 3640 1443 3705 ad
1453 3637 1540 3714 illos,

325 3746 429 3809 quam
446 3727 489 3790 ad
505 3749 579 3807 nos,
597 3727 745 3812 pretium
760 3730 826 3793 hoc
846 3727 1086 3813 redemptionis
1107 3727 1275 3814 pertinere
1292 3727 1458 3796 videatur.
1476 3723 1541 3794 Sed

325 3835 393 3899 ego
414 3815 550 3900 longior
565 3837 639 3882 esse
659 3817 749 3881 nolo.
769 3818 856 3883 Nam
876 3839 919 3884 ex
939 3819 979 3883 R.
1000 3817 1038 3882 P.
1057 3817 1253 3883 Francisci⁴
1270 3817 1389 3882 litteris
1410 3827 1541 3882 caetera

325 3914 522 3989 cognoscet.
542 3905 620 3971 Hoc
637 3915 768 3970 tantum
785 3905 918 3971 addam:
937 3905 966 3970 si
982 3905 1063 3972 mihi
1080 3906 1119 3972 P.
1137 3906 1261 3972 Petrus
1276 3917 1413 3989 ereptus
1429 3902 1539 3980 fuerit,

326 4002 361 4056 et
377 4013 480 4059 secus
495 4004 613 4078 postea
628 4015 683 4060 res
699 3993 866 4080 Elbingae
882 3992 1059 4074 ceciderit,
1077 4015 1179 4080 quam
1199 4015 1374 4080 speramus
1394 4003 1429 4061 et
1449 4001 1542 4078 opta-

330 4263 331 4266 Ἴ
378 4185 386 4218 ¹
424 4187 468 4240 Ex
481 4188 652 4259 archetypo,
666 4187 696 4242 in
711 4185 782 4243 Cori.
798 4189 844 4257 38,
856 4187 966 4260 duplici
975 4186 1045 4258 iol„
1058 4199 1109 4256 190
1119 4187 1206 4257 (186).
1218 4187 1294 4243 Vide
1305 4186 1430 4260 append.
1441 4182 1542 4248 XLV13

325 4273 393 4330 LVl
410 4275 469 4340 (Μῦς
485 4284 516 4331 et
530 4276 606 4331 LIX.

377 4368 388 4399 ¹
427 4363 703 4420 Widmanstadium.
719 4364 795 4420 Vide
808 4364 898 4438 epist.
918 4379 979 4438 492,
995 4382 1024 4420 n.
1044 4377 1069 4420 1.

377 4452 388 4484 ³
425 4451 531 4508 Petrus
545 4453 623 4508 Phae
636 4461 666 4508 et
679 4453 831 4507 Balthasar
844 4452 1040 4507 Hostovinus.

376 4542 388 4575 ⁴
425 4541 459 4596 P.
478 4541 651 4596 Franciscus
664 4540 764 4613 Sunye
777 4539 861 4610 (alias
871 4539 988 4611 Sunier,
1002 4540 1165 4597 Sunnerius
1177 4541 1250 4612 etc.)
1259 4540 1335 4597 Vide
1348 4539 1412 4613 ejus
1422 4551 1539 4595 armen

324 4627 355 4684 iu
368 4629 465 4702 Epist.
481 4629 597 4698 Natat,
612 4630 651 4701 11,
665 4642 730 4699 549.
