<?xml version="1.0" encoding="UTF-8"?>
<!DOCTYPE html PUBLIC "-//W3C//DTD XHTML 1.0 Transitional//EN"
    "http://www.w3.org/TR/xhtml1/DTD/xhtml1-transitional.dtd">
<html xmlns="http://www.w3.org/1999/xhtml" xml:lang="en" lang="en">
 <head>
  <title>
</title>
<meta http-equiv="Content-Type" content="text/html;charset=utf-8" />
  <meta name='ocr-system' content='tesseract 3.04.00' />
  <meta name='ocr-capabilities' content='ocr_page ocr_carea ocr_par ocr_line ocrx_word'/>
</head>
<body>
  <div class='ocr_page' id='page_1' title='image "./epistolaephiero01nadagoog_0014.png"; bbox 0 0 3494 5392; ppageno 0'>
   <div class='ocr_carea' id='block_1_1' title="bbox 586 373 1422 437">
    <p class='ocr_par' dir='ltr' id='par_1_1' title="bbox 586 373 1422 437">
     <span class='ocr_line' id='line_1_1' title="bbox 586 373 1422 437; baseline 0.012 -10"><span class='ocrx_word' id='word_1_1' title='bbox 586 373 778 430; x_wconf 80' lang='lat' dir='ltr'><strong>Paoomnuu</strong></span> <span class='ocrx_word' id='word_1_2' title='bbox 797 385 903 429; x_wconf 82' lang='lat' dir='ltr'><strong>rrnru</strong></span> <span class='ocrx_word' id='word_1_3' title='bbox 921 386 1095 434; x_wconf 81' lang='lat' dir='ltr'><strong>voruumrs</strong></span> <span class='ocrx_word' id='word_1_4' title='bbox 1380 395 1422 437; x_wconf 87' lang='lat' dir='ltr'><strong>vrr</strong></span> 
     </span>
    </p>
   </div>
   <div class='ocr_carea' id='block_1_2' title="bbox 209 523 1459 2608">
    <p class='ocr_par' dir='ltr' id='par_1_2' title="bbox 209 523 1459 2608">
     <span class='ocr_line' id='line_1_2' title="bbox 224 523 1459 619; baseline 0.01 -29"><span class='ocrx_word' id='word_1_5' title='bbox 224 523 278 607; x_wconf 89' lang='lat' dir='ltr'><strong>tis,</strong></span> <span class='ocrx_word' id='word_1_6' title='bbox 294 533 365 588; x_wconf 92' lang='lat' dir='ltr'><strong>tum</strong></span> <span class='ocrx_word' id='word_1_7' title='bbox 381 523 491 610; x_wconf 89' lang='lat' dir='ltr'><strong>legati</strong></span> <span class='ocrx_word' id='word_1_8' title='bbox 506 524 770 605; x_wconf 90' lang='lat' dir='ltr'><strong>Commendoni,</strong></span> <span class='ocrx_word' id='word_1_9' title='bbox 786 535 858 592; x_wconf 90' lang='lat' dir='ltr'><strong>tum</strong></span> <span class='ocrx_word' id='word_1_10' title='bbox 878 527 953 611; x_wconf 91' lang='lat' dir='ltr'><strong>ejus</strong></span> <span class='ocrx_word' id='word_1_11' title='bbox 969 529 1284 619; x_wconf 87' lang='lat' dir='ltr'><strong>auditorisJoannis</strong></span> <span class='ocrx_word' id='word_1_12' title='bbox 1296 533 1459 603; x_wconf 84' lang='lat' dir='ltr'>Andreae</span> 
     </span>
     <span class='ocr_line' id='line_1_3' title="bbox 225 645 1457 740; baseline 0.011 -30"><span class='ocrx_word' id='word_1_13' title='bbox 225 645 370 736; x_wconf 79' lang='lat' dir='ltr'><strong>Caligari</strong></span> <span class='ocrx_word' id='word_1_14' title='bbox 397 659 432 716; x_wconf 92' lang='lat' dir='ltr'><strong>et</strong></span> <span class='ocrx_word' id='word_1_15' title='bbox 460 648 626 730; x_wconf 88' lang='lat' dir='ltr'><strong>aliorum,</strong></span> <span class='ocrx_word' id='word_1_16' title='bbox 655 648 879 718; x_wconf 85' lang='lat' dir='ltr'>illustrantur.</span> <span class='ocrx_word' id='word_1_17' title='bbox 909 651 967 718; x_wconf 84' lang='lat' dir='ltr'><strong>Ad</strong></span> <span class='ocrx_word' id='word_1_18' title='bbox 993 673 1105 740; x_wconf 89' lang='lat' dir='ltr'><strong>genus</strong></span> <span class='ocrx_word' id='word_1_19' title='bbox 1132 654 1296 724; x_wconf 84' lang='lat' dir='ltr'>familiare</span> <span class='ocrx_word' id='word_1_20' title='bbox 1322 657 1457 725; x_wconf 89' lang='lat' dir='ltr'><strong>adscri-</strong></span> 
     </span>
     <span class='ocr_line' id='line_1_4' title="bbox 226 771 1457 860; baseline 0.007 -19"><span class='ocrx_word' id='word_1_21' title='bbox 226 773 334 841; x_wconf 86' lang='lat' dir='ltr'><strong>benda</strong></span> <span class='ocrx_word' id='word_1_22' title='bbox 344 771 520 854; x_wconf 89' lang='lat' dir='ltr'><strong>videntur,</strong></span> <span class='ocrx_word' id='word_1_23' title='bbox 538 795 610 839; x_wconf 91' lang='lat' dir='ltr'><strong>non</strong></span> <span class='ocrx_word' id='word_1_24' title='bbox 625 773 736 841; x_wconf 89' lang='lat' dir='ltr'><strong>solum</strong></span> <span class='ocrx_word' id='word_1_25' title='bbox 748 772 929 860; x_wconf 85' lang='lat' dir='ltr'>epistolare</span> <span class='ocrx_word' id='word_1_26' title='bbox 941 778 1182 845; x_wconf 85' lang='lat' dir='ltr'><strong>commercium</strong></span> <span class='ocrx_word' id='word_1_27' title='bbox 1198 779 1309 848; x_wconf 88' lang='lat' dir='ltr'><strong>Patris</strong></span> <span class='ocrx_word' id='word_1_28' title='bbox 1325 781 1457 850; x_wconf 89' lang='lat' dir='ltr'><strong>Natalis</strong></span> 
     </span>
     <span class='ocr_line' id='line_1_5' title="bbox 226 897 1456 987; baseline 0.008 -23"><span class='ocrx_word' id='word_1_29' title='bbox 226 919 302 964; x_wconf 87' lang='lat' dir='ltr'><strong>curn</strong></span> <span class='ocrx_word' id='word_1_30' title='bbox 322 899 497 964; x_wconf 90' lang='lat' dir='ltr'><strong>Everardo</strong></span> <span class='ocrx_word' id='word_1_31' title='bbox 518 897 735 966; x_wconf 87' lang='lat' dir='ltr'><strong>Mercuriano</strong></span> <span class='ocrx_word' id='word_1_32' title='bbox 755 897 854 965; x_wconf 89' lang='lat' dir='ltr'><strong>annis</strong></span> <span class='ocrx_word' id='word_1_33' title='bbox 878 915 1069 986; x_wconf 86' lang='lat'>1574-1577</span> <span class='ocrx_word' id='word_1_34' title='bbox 1090 903 1258 987; x_wconf 90' lang='lat' dir='ltr'><strong>habitum,</strong></span> <span class='ocrx_word' id='word_1_35' title='bbox 1276 907 1456 974; x_wconf 90' lang='lat' dir='ltr'><strong>sedetiam</strong></span> 
     </span>
     <span class='ocr_line' id='line_1_6' title="bbox 226 1021 1457 1111; baseline 0.008 -23"><span class='ocrx_word' id='word_1_36' title='bbox 226 1023 406 1090; x_wconf 87' lang='lat' dir='ltr'><strong>nonnullae</strong></span> <span class='ocrx_word' id='word_1_37' title='bbox 432 1021 626 1110; x_wconf 88' lang='lat' dir='ltr'><strong>Borgianae</strong></span> <span class='ocrx_word' id='word_1_38' title='bbox 648 1021 799 1104; x_wconf 86' lang='lat' dir='ltr'><strong>litterae,</strong></span> <span class='ocrx_word' id='word_1_39' title='bbox 824 1045 885 1092; x_wconf 89' lang='lat' dir='ltr'><strong>seu</strong></span> <span class='ocrx_word' id='word_1_40' title='bbox 907 1036 1026 1111; x_wconf 84' lang='lat' dir='ltr'><strong>partes·</strong></span> <span class='ocrx_word' id='word_1_41' title='bbox 1047 1027 1254 1109; x_wconf 88' lang='lat' dir='ltr'><strong>litterarum,</strong></span> <span class='ocrx_word' id='word_1_42' title='bbox 1283 1031 1326 1098; x_wconf 90' lang='lat' dir='ltr'><strong>de</strong></span> <span class='ocrx_word' id='word_1_43' title='bbox 1354 1032 1457 1099; x_wconf 91' lang='lat' dir='ltr'><strong>rebus</strong></span> 
     </span>
     <span class='ocr_line' id='line_1_7' title="bbox 223 1144 1455 1238; baseline 0.01 -28"><span class='ocrx_word' id='word_1_44' title='bbox 223 1144 417 1213; x_wconf 88' lang='lat' dir='ltr'><strong>domesticis</strong></span> <span class='ocrx_word' id='word_1_45' title='bbox 433 1145 630 1229; x_wconf 80' lang='lat' dir='ltr'><strong>societatis,</strong></span> <span class='ocrx_word' id='word_1_46' title='bbox 643 1147 759 1215; x_wconf 91' lang='lat' dir='ltr'><strong>Natali</strong></span> <span class='ocrx_word' id='word_1_47' title='bbox 771 1149 885 1238; x_wconf 89' lang='lat' dir='ltr'><strong>datae,</strong></span> <span class='ocrx_word' id='word_1_48' title='bbox 899 1160 934 1216; x_wconf 92' lang='lat' dir='ltr'><strong>et</strong></span> <span class='ocrx_word' id='word_1_49' title='bbox 946 1171 1077 1236; x_wconf 85' lang='lat' dir='ltr'><strong>paucae</strong></span> <span class='ocrx_word' id='word_1_50' title='bbox 1090 1151 1176 1220; x_wconf 90' lang='lat' dir='ltr'><strong>aliae</strong></span> <span class='ocrx_word' id='word_1_51' title='bbox 1192 1153 1333 1220; x_wconf 90' lang='lat' dir='ltr'><strong>Patrum</strong></span> <span class='ocrx_word' id='word_1_52' title='bbox 1350 1154 1455 1222; x_wconf 86' lang='lat' dir='ltr'><strong>Riba-</strong></span> 
     </span>
     <span class='ocr_line' id='line_1_8' title="bbox 223 1270 1456 1363; baseline 0.009 -27"><span class='ocrx_word' id='word_1_53' title='bbox 223 1270 390 1352; x_wconf 89' lang='lat' dir='ltr'><strong>deneirae,</strong></span> <span class='ocrx_word' id='word_1_54' title='bbox 416 1271 589 1360; x_wconf 90' lang='lat' dir='ltr'><strong>Jimenez‚</strong></span> <span class='ocrx_word' id='word_1_55' title='bbox 615 1282 650 1340; x_wconf 92' lang='lat' dir='ltr'><strong>et</strong></span> <span class='ocrx_word' id='word_1_56' title='bbox 676 1272 776 1358; x_wconf 91' lang='lat' dir='ltr'><strong>siqua</strong></span> <span class='ocrx_word' id='word_1_57' title='bbox 802 1273 867 1340; x_wconf 90' lang='lat' dir='ltr'><strong>alia</strong></span> <span class='ocrx_word' id='word_1_58' title='bbox 887 1273 1008 1342; x_wconf 89' lang='lat' dir='ltr'><strong>similis</strong></span> <span class='ocrx_word' id='word_1_59' title='bbox 1035 1276 1239 1363; x_wconf 84' lang='lat' dir='ltr'><strong>reperiatur.</strong></span> <span class='ocrx_word' id='word_1_60' title='bbox 1270 1278 1376 1346; x_wconf 89' lang='lat' dir='ltr'><strong>Aliud</strong></span> <span class='ocrx_word' id='word_1_61' title='bbox 1402 1291 1456 1347; x_wconf 89' lang='lat' dir='ltr'><strong>est</strong></span> 
     </span>
     <span class='ocr_line' id='line_1_9' title="bbox 226 1394 1454 1490; baseline 0.008 -28"><span class='ocrx_word' id='word_1_62' title='bbox 226 1394 445 1482; x_wconf 88' lang='lat' dir='ltr'><strong>epistolarum</strong></span> <span class='ocrx_word' id='word_1_63' title='bbox 466 1418 594 1482; x_wconf 89' lang='lat' dir='ltr'><strong>genus,</strong></span> <span class='ocrx_word' id='word_1_64' title='bbox 613 1396 836 1465; x_wconf 88' lang='lat' dir='ltr'><strong>cardinalium</strong></span> <span class='ocrx_word' id='word_1_65' title='bbox 855 1398 1004 1482; x_wconf 89' lang='lat' dir='ltr'><strong>scilicet,</strong></span> <span class='ocrx_word' id='word_1_66' title='bbox 1023 1403 1079 1469; x_wconf 92' lang='lat' dir='ltr'><strong>vel</strong></span> <span class='ocrx_word' id='word_1_67' title='bbox 1100 1400 1243 1470; x_wconf 90' lang='lat' dir='ltr'><strong>aliorum</strong></span> <span class='ocrx_word' id='word_1_68' title='bbox 1261 1401 1454 1490; x_wconf 89' lang='lat' dir='ltr'><strong>principum</strong></span> 
     </span>
     <span class='ocr_line' id='line_1_10' title="bbox 221 1519 1451 1612; baseline 0.007 -25"><span class='ocrx_word' id='word_1_69' title='bbox 221 1519 490 1605; x_wconf 85' lang='lat' dir='ltr'><strong>postulationes,</strong></span> <span class='ocrx_word' id='word_1_70' title='bbox 519 1542 614 1588; x_wconf 91' lang='lat' dir='ltr'><strong>nunc</strong></span> <span class='ocrx_word' id='word_1_71' title='bbox 634 1523 830 1608; x_wconf 89' lang='lat' dir='ltr'><strong>praeposito</strong></span> <span class='ocrx_word' id='word_1_72' title='bbox 849 1525 1020 1610; x_wconf 91' lang='lat' dir='ltr'><strong>generali,</strong></span> <span class='ocrx_word' id='word_1_73' title='bbox 1043 1519 1137 1593; x_wconf 87' lang='lat' dir='ltr'><strong>nunc</strong></span> <span class='ocrx_word' id='word_1_74' title='bbox 1159 1527 1235 1612; x_wconf 91' lang='lat' dir='ltr'><strong>ejus</strong></span> <span class='ocrx_word' id='word_1_75' title='bbox 1254 1528 1451 1610; x_wconf 91' lang='lat' dir='ltr'><strong>secretario,</strong></span> 
     </span>
     <span class='ocr_line' id='line_1_11' title="bbox 222 1644 1452 1741; baseline 0.011 -33"><span class='ocrx_word' id='word_1_76' title='bbox 222 1665 313 1711; x_wconf 91' lang='lat' dir='ltr'><strong>nunc</strong></span> <span class='ocrx_word' id='word_1_77' title='bbox 327 1644 458 1714; x_wconf 89' lang='lat' dir='ltr'><strong>vicario</strong></span> <span class='ocrx_word' id='word_1_78' title='bbox 473 1645 630 1732; x_wconf 88' lang='lat' dir='ltr'><strong>generali</strong></span> <span class='ocrx_word' id='word_1_79' title='bbox 645 1646 829 1731; x_wconf 84' lang='lat' dir='ltr'><strong>exhibitae,</strong></span> <span class='ocrx_word' id='word_1_80' title='bbox 844 1647 970 1734; x_wconf 91' lang='lat' dir='ltr'><strong>quibus</strong></span> <span class='ocrx_word' id='word_1_81' title='bbox 981 1650 1158 1717; x_wconf 92' lang='lat' dir='ltr'><strong>hominum</strong></span> <span class='ocrx_word' id='word_1_82' title='bbox 1171 1651 1354 1721; x_wconf 89' lang='lat' dir='ltr'><strong>Societatis</strong></span> <span class='ocrx_word' id='word_1_83' title='bbox 1369 1675 1452 1741; x_wconf 89' lang='lat' dir='ltr'><strong>ope-</strong></span> 
     </span>
     <span class='ocr_line' id='line_1_12' title="bbox 220 1767 1452 1862; baseline 0.009 -29"><span class='ocrx_word' id='word_1_84' title='bbox 220 1789 268 1848; x_wconf 90' lang='lat' dir='ltr'><strong>ra,</strong></span> <span class='ocrx_word' id='word_1_85' title='bbox 286 1767 361 1838; x_wconf 87' lang='lat' dir='ltr'><strong>sive</strong></span> <span class='ocrx_word' id='word_1_86' title='bbox 376 1790 444 1856; x_wconf 74' lang='lat' dir='ltr'><strong>pro¹</strong></span> <span class='ocrx_word' id='word_1_87' title='bbox 455 1791 623 1837; x_wconf 91' lang='lat' dir='ltr'><strong>novorum</strong></span> <span class='ocrx_word' id='word_1_88' title='bbox 644 1771 866 1859; x_wconf 84' lang='lat' dir='ltr'><strong>collegiorum</strong></span> <span class='ocrx_word' id='word_1_89' title='bbox 883 1773 1075 1858; x_wconf 84' lang='lat' dir='ltr'><strong>erectione,</strong></span> <span class='ocrx_word' id='word_1_90' title='bbox 1093 1797 1156 1842; x_wconf 90' lang='lat' dir='ltr'><strong>seu</strong></span> <span class='ocrx_word' id='word_1_91' title='bbox 1170 1797 1232 1862; x_wconf 93' lang='lat' dir='ltr'><strong>pro</strong></span> <span class='ocrx_word' id='word_1_92' title='bbox 1248 1777 1317 1845; x_wconf 90' lang='lat' dir='ltr'><strong>fide</strong></span> <span class='ocrx_word' id='word_1_93' title='bbox 1331 1779 1452 1844; x_wconf 89' lang='lat' dir='ltr'><strong>catho-</strong></span> 
     </span>
     <span class='ocr_line' id='line_1_13' title="bbox 217 1893 1451 1988; baseline 0.01 -30"><span class='ocrx_word' id='word_1_94' title='bbox 217 1893 281 1960; x_wconf 89' lang='lat' dir='ltr'><strong>lica</strong></span> <span class='ocrx_word' id='word_1_95' title='bbox 307 1895 416 1962; x_wconf 91' lang='lat' dir='ltr'><strong>sacris</strong></span> <span class='ocrx_word' id='word_1_96' title='bbox 442 1895 638 1964; x_wconf 88' lang='lat' dir='ltr'><strong>ministeriis</strong></span> <span class='ocrx_word' id='word_1_97' title='bbox 664 1897 896 1980; x_wconf 83' lang='lat' dir='ltr'><strong>defendenda,</strong></span> <span class='ocrx_word' id='word_1_98' title='bbox 926 1898 1127 1985; x_wconf 85' lang='lat' dir='ltr'><strong>exquiritur.</strong></span> <span class='ocrx_word' id='word_1_99' title='bbox 1158 1902 1194 1966; x_wconf 96' lang='lat' dir='ltr'><strong>ln</strong></span> <span class='ocrx_word' id='word_1_100' title='bbox 1222 1900 1264 1968; x_wconf 89' lang='lat' dir='ltr'><strong>iis</strong></span> <span class='ocrx_word' id='word_1_101' title='bbox 1289 1902 1451 1988; x_wconf 84' lang='lat' dir='ltr'><strong>egregiae</strong></span> 
     </span>
     <span class='ocr_line' id='line_1_14' title="bbox 214 2020 1449 2104; baseline 0.005 -19"><span class='ocrx_word' id='word_1_102' title='bbox 214 2039 356 2104; x_wconf 90' lang='lat' dir='ltr'><strong>prorsus</strong></span> <span class='ocrx_word' id='word_1_103' title='bbox 376 2021 571 2087; x_wconf 87' lang='lat' dir='ltr'><strong>censendae</strong></span> <span class='ocrx_word' id='word_1_104' title='bbox 591 2031 671 2087; x_wconf 90' lang='lat' dir='ltr'><strong>sunt</strong></span> <span class='ocrx_word' id='word_1_105' title='bbox 691 2020 873 2088; x_wconf 89' lang='lat' dir='ltr'><strong>cardinalis</strong></span> <span class='ocrx_word' id='word_1_106' title='bbox 894 2022 1094 2091; x_wconf 81' lang='lat' dir='ltr'><strong>narmiensis</strong></span> <span class='ocrx_word' id='word_1_107' title='bbox 1115 2023 1278 2094; x_wconf 89' lang='lat' dir='ltr'><strong>Stanislai</strong></span> <span class='ocrx_word' id='word_1_108' title='bbox 1298 2024 1398 2091; x_wconf 91' lang='lat' dir='ltr'><strong>Hosii</strong></span> <span class='ocrx_word' id='word_1_109' title='bbox 1414 2036 1449 2093; x_wconf 89' lang='lat' dir='ltr'><strong>et</strong></span> 
     </span>
     <span class='ocr_line' id='line_1_15' title="bbox 212 2143 1446 2235; baseline 0.005 -25"><span class='ocrx_word' id='word_1_110' title='bbox 212 2143 401 2229; x_wconf 85' lang='lat' dir='ltr'><strong>augustani</strong></span> <span class='ocrx_word' id='word_1_111' title='bbox 420 2143 590 2230; x_wconf 88' lang='lat' dir='ltr'><strong>praesulis</strong></span> <span class='ocrx_word' id='word_1_112' title='bbox 606 2144 748 2212; x_wconf 88' lang='lat' dir='ltr'><strong>Ottonis</strong></span> <span class='ocrx_word' id='word_1_113' title='bbox 777 2147 968 2214; x_wconf 86' lang='lat' dir='ltr'><strong>Truchsess</strong></span> <span class='ocrx_word' id='word_1_114' title='bbox 995 2148 1038 2215; x_wconf 92' lang='lat' dir='ltr'><strong>de</strong></span> <span class='ocrx_word' id='word_1_115' title='bbox 1060 2148 1254 2234; x_wconf 89' lang='lat' dir='ltr'><strong>Waldburg</strong></span> <span class='ocrx_word' id='word_1_116' title='bbox 1270 2147 1446 2235; x_wconf 89' lang='lat' dir='ltr'><strong>epistolae,</strong></span> 
     </span>
     <span class='ocr_line' id='line_1_16' title="bbox 210 2268 1448 2360; baseline 0.008 -26"><span class='ocrx_word' id='word_1_117' title='bbox 210 2269 246 2334; x_wconf 90' lang='lat' dir='ltr'><strong>in</strong></span> <span class='ocrx_word' id='word_1_118' title='bbox 258 2268 511 2356; x_wconf 89' lang='lat' dir='ltr'><strong>appendicibus</strong></span> <span class='ocrx_word' id='word_1_119' title='bbox 527 2279 562 2338; x_wconf 88' lang='lat' dir='ltr'><strong>et</strong></span> <span class='ocrx_word' id='word_1_120' title='bbox 578 2271 817 2358; x_wconf 89' lang='lat' dir='ltr'><strong>supplemento</strong></span> <span class='ocrx_word' id='word_1_121' title='bbox 837 2271 1051 2358; x_wconf 93' lang='lat' dir='ltr'><strong>potissimum</strong></span> <span class='ocrx_word' id='word_1_122' title='bbox 1068 2273 1249 2360; x_wconf 88' lang='lat' dir='ltr'><strong>repositae.</strong></span> <span class='ocrx_word' id='word_1_123' title='bbox 1273 2273 1339 2342; x_wconf 93' lang='lat' dir='ltr'><strong>His</strong></span> <span class='ocrx_word' id='word_1_124' title='bbox 1359 2276 1448 2344; x_wconf 89' lang='lat' dir='ltr'><strong>adde</strong></span> 
     </span>
     <span class='ocr_line' id='line_1_17' title="bbox 209 2393 1444 2486; baseline 0.007 -28"><span class='ocrx_word' id='word_1_125' title='bbox 209 2393 397 2460; x_wconf 89' lang='lat' dir='ltr'><strong>nonnullas</strong></span> <span class='ocrx_word' id='word_1_126' title='bbox 422 2393 554 2462; x_wconf 86' lang='lat' dir='ltr'><strong>litteras</strong></span> <span class='ocrx_word' id='word_1_127' title='bbox 578 2404 747 2480; x_wconf 89' lang='lat' dir='ltr'><strong>patentes,</strong></span> <span class='ocrx_word' id='word_1_128' title='bbox 773 2396 878 2462; x_wconf 89' lang='lat' dir='ltr'><strong>rebus</strong></span> <span class='ocrx_word' id='word_1_129' title='bbox 901 2395 1033 2463; x_wconf 88' lang='lat' dir='ltr'><strong>Natalis</strong></span> <span class='ocrx_word' id='word_1_130' title='bbox 1056 2396 1268 2465; x_wconf 89' lang='lat' dir='ltr'><strong>illustrandis</strong></span> <span class='ocrx_word' id='word_1_131' title='bbox 1291 2398 1444 2486; x_wconf 89' lang='lat' dir='ltr'><strong>apprime</strong></span> 
     </span>
     <span class='ocr_line' id='line_1_18' title="bbox 214 2517 1252 2608; baseline 0.007 -23"><span class='ocrx_word' id='word_1_132' title='bbox 214 2518 331 2588; x_wconf 77' lang='lat' dir='ltr'><strong>utiles</strong></span> <span class='ocrx_word' id='word_1_133' title='bbox 351 2520 397 2584; x_wconf 92' lang='lat' dir='ltr'><strong>Et</strong></span> <span class='ocrx_word' id='word_1_134' title='bbox 413 2521 585 2587; x_wconf 91' lang='lat' dir='ltr'><strong>hactenus</strong></span> <span class='ocrx_word' id='word_1_135' title='bbox 600 2517 738 2603; x_wconf 89' lang='lat' dir='ltr'><strong>quidem</strong></span> <span class='ocrx_word' id='word_1_136' title='bbox 754 2520 797 2586; x_wconf 94' lang='lat' dir='ltr'><strong>de</strong></span> <span class='ocrx_word' id='word_1_137' title='bbox 814 2519 1036 2605; x_wconf 88' lang='lat' dir='ltr'><strong>epistolarum</strong></span> <span class='ocrx_word' id='word_1_138' title='bbox 1053 2521 1252 2608; x_wconf 81' lang='lat' dir='ltr'><strong>generibus</strong></span> 
     </span>
    </p>
   </div>
   <div class='ocr_carea' id='block_1_3' title="bbox 196 2767 1445 4088">
    <p class='ocr_par' dir='ltr' id='par_1_3' title="bbox 196 2767 1445 4088">
     <span class='ocr_line' id='line_1_19' title="bbox 284 2767 1443 2856; baseline 0 -20"><span class='ocrx_word' id='word_1_139' title='bbox 284 2789 316 2854; x_wconf 83' lang='lat'><strong>3.</strong></span> <span class='ocrx_word' id='word_1_140' title='bbox 367 2770 437 2836; x_wconf 77' lang='lat' dir='ltr'><strong>Res</strong></span> <span class='ocrx_word' id='word_1_141' title='bbox 449 2771 488 2836; x_wconf 83' lang='lat' dir='ltr'><strong>in</strong></span> <span class='ocrx_word' id='word_1_142' title='bbox 500 2769 649 2856; x_wconf 75' lang='lat' dir='ltr'><strong>epistolis</strong></span> <span class='ocrx_word' id='word_1_143' title='bbox 660 2790 721 2835; x_wconf 80' lang='lat' dir='ltr'><strong>seu</strong></span> <span class='ocrx_word' id='word_1_144' title='bbox 733 2771 965 2836; x_wconf 80' lang='lat' dir='ltr'><strong>monumentis</strong></span> <span class='ocrx_word' id='word_1_145' title='bbox 971 2767 1443 2856; x_wconf 69' lang='lat' dir='ltr'><strong>pertractatae-Reliquum</strong></span> 
     </span>
     <span class='ocr_line' id='line_1_20' title="bbox 211 2891 1445 2982; baseline -0.001 -18"><span class='ocrx_word' id='word_1_146' title='bbox 211 2907 265 2964; x_wconf 83' lang='lat' dir='ltr'><strong>est</strong></span> <span class='ocrx_word' id='word_1_147' title='bbox 283 2905 324 2961; x_wconf 91' lang='lat' dir='ltr'><strong>nt</strong></span> <span class='ocrx_word' id='word_1_148' title='bbox 339 2896 384 2962; x_wconf 91' lang='lat' dir='ltr'><strong>de</strong></span> <span class='ocrx_word' id='word_1_149' title='bbox 400 2896 505 2962; x_wconf 88' lang='lat' dir='ltr'><strong>rebus</strong></span> <span class='ocrx_word' id='word_1_150' title='bbox 520 2903 556 2962; x_wconf 91' lang='lat' dir='ltr'><strong>et</strong></span> <span class='ocrx_word' id='word_1_151' title='bbox 571 2893 723 2982; x_wconf 90' lang='lat' dir='ltr'><strong>negotiis</strong></span> <span class='ocrx_word' id='word_1_152' title='bbox 738 2894 775 2960; x_wconf 92' lang='lat' dir='ltr'><strong>in</strong></span> <span class='ocrx_word' id='word_1_153' title='bbox 786 2893 881 2962; x_wconf 89' lang='lat' dir='ltr'><strong>hisce</strong></span> <span class='ocrx_word' id='word_1_154' title='bbox 892 2891 1124 2963; x_wconf 86' lang='lat' dir='ltr'><strong>monumentis</strong></span> <span class='ocrx_word' id='word_1_155' title='bbox 1135 2892 1354 2980; x_wconf 88' lang='lat' dir='ltr'><strong>pertractatis</strong></span> <span class='ocrx_word' id='word_1_156' title='bbox 1365 2895 1445 2963; x_wconf 73' lang='lat' dir='ltr'><strong>bre=</strong></span> 
     </span>
     <span class='ocr_line' id='line_1_21' title="bbox 207 3017 1444 3103; baseline 0 -17"><span class='ocrx_word' id='word_1_157' title='bbox 207 3021 298 3088; x_wconf 89' lang='lat' dir='ltr'><strong>viter</strong></span> <span class='ocrx_word' id='word_1_158' title='bbox 314 3019 537 3089; x_wconf 85' lang='lat' dir='ltr'><strong>disseramus.</strong></span> <span class='ocrx_word' id='word_1_159' title='bbox 556 3019 646 3086; x_wconf 94' lang='lat' dir='ltr'><strong>Cum</strong></span> <span class='ocrx_word' id='word_1_160' title='bbox 662 3028 779 3087; x_wconf 90' lang='lat' dir='ltr'><strong>autem</strong></span> <span class='ocrx_word' id='word_1_161' title='bbox 794 3017 942 3086; x_wconf 85' lang='lat' dir='ltr'><strong>maxima</strong></span> <span class='ocrx_word' id='word_1_162' title='bbox 957 3017 1149 3085; x_wconf 90' lang='lat' dir='ltr'><strong>litterarum</strong></span> <span class='ocrx_word' id='word_1_163' title='bbox 1171 3017 1275 3103; x_wconf 90' lang='lat' dir='ltr'><strong>hujus</strong></span> <span class='ocrx_word' id='word_1_164' title='bbox 1296 3019 1444 3087; x_wconf 89' lang='lat' dir='ltr'><strong>volumi-</strong></span> 
     </span>
     <span class='ocr_line' id='line_1_22' title="bbox 205 3141 1443 3232; baseline 0.002 -22"><span class='ocrx_word' id='word_1_165' title='bbox 205 3146 261 3211; x_wconf 86' lang='lat' dir='ltr'><strong>nis</strong></span> <span class='ocrx_word' id='word_1_166' title='bbox 277 3165 360 3231; x_wconf 87' lang='lat' dir='ltr'><strong>pars</strong></span> <span class='ocrx_word' id='word_1_167' title='bbox 375 3143 411 3210; x_wconf 95' lang='lat' dir='ltr'><strong>in</strong></span> <span class='ocrx_word' id='word_1_168' title='bbox 428 3145 532 3211; x_wconf 91' lang='lat' dir='ltr'><strong>rebus</strong></span> <span class='ocrx_word' id='word_1_169' title='bbox 548 3165 569 3210; x_wconf 91' lang='lat' dir='ltr'><strong>a</strong></span> <span class='ocrx_word' id='word_1_170' title='bbox 585 3141 698 3211; x_wconf 85' lang='lat' dir='ltr'><strong>Natali</strong></span> <span class='ocrx_word' id='word_1_171' title='bbox 713 3142 1025 3228; x_wconf 84' lang='lat' dir='ltr'><strong>annisr566-1568</strong></span> <span class='ocrx_word' id='word_1_172' title='bbox 1041 3141 1076 3209; x_wconf 93' lang='lat' dir='ltr'><strong>in</strong></span> <span class='ocrx_word' id='word_1_173' title='bbox 1098 3141 1298 3224; x_wconf 89' lang='lat' dir='ltr'><strong>Germania,</strong></span> <span class='ocrx_word' id='word_1_174' title='bbox 1321 3143 1443 3232; x_wconf 84' lang='lat' dir='ltr'><strong>Belgio</strong></span> 
     </span>
     <span class='ocr_line' id='line_1_23' title="bbox 205 3267 1442 3356; baseline -0.003 -17"><span class='ocrx_word' id='word_1_175' title='bbox 205 3283 241 3339; x_wconf 86' lang='lat' dir='ltr'><strong>et</strong></span> <span class='ocrx_word' id='word_1_176' title='bbox 256 3269 376 3338; x_wconf 86' lang='lat' dir='ltr'><strong>Gallia</strong></span> <span class='ocrx_word' id='word_1_177' title='bbox 397 3268 539 3356; x_wconf 89' lang='lat' dir='ltr'><strong>patratis</strong></span> <span class='ocrx_word' id='word_1_178' title='bbox 560 3278 729 3351; x_wconf 88' lang='lat' dir='ltr'><strong>versetur,</strong></span> <span class='ocrx_word' id='word_1_179' title='bbox 757 3267 830 3355; x_wconf 89' lang='lat' dir='ltr'><strong>ipsa</strong></span> <span class='ocrx_word' id='word_1_180' title='bbox 857 3289 972 3336; x_wconf 86' lang='lat' dir='ltr'><strong>rerum</strong></span> <span class='ocrx_word' id='word_1_181' title='bbox 1001 3279 1179 3356; x_wconf 88' lang='lat' dir='ltr'><strong>gestarum</strong></span> <span class='ocrx_word' id='word_1_182' title='bbox 1206 3267 1381 3337; x_wconf 90' lang='lat' dir='ltr'><strong>successio</strong></span> <span class='ocrx_word' id='word_1_183' title='bbox 1407 3281 1442 3338; x_wconf 92' lang='lat' dir='ltr'><strong>et</strong></span> 
     </span>
     <span class='ocr_line' id='line_1_24' title="bbox 202 3392 1441 3482; baseline -0.002 -20"><span class='ocrx_word' id='word_1_184' title='bbox 202 3397 293 3462; x_wconf 92' lang='lat' dir='ltr'><strong>ordo</strong></span> <span class='ocrx_word' id='word_1_185' title='bbox 313 3415 379 3462; x_wconf 93' lang='lat' dir='ltr'><strong>nos</strong></span> <span class='ocrx_word' id='word_1_186' title='bbox 397 3393 539 3474; x_wconf 89' lang='lat' dir='ltr'><strong>invitat,</strong></span> <span class='ocrx_word' id='word_1_187' title='bbox 558 3403 596 3462; x_wconf 94' lang='lat' dir='ltr'><strong>ut</strong></span> <span class='ocrx_word' id='word_1_188' title='bbox 616 3392 727 3480; x_wconf 92' lang='lat' dir='ltr'><strong>primo</strong></span> <span class='ocrx_word' id='word_1_189' title='bbox 747 3394 824 3460; x_wconf 92' lang='lat' dir='ltr'><strong>loco</strong></span> <span class='ocrx_word' id='word_1_190' title='bbox 846 3394 882 3460; x_wconf 92' lang='lat' dir='ltr'><strong>in</strong></span> <span class='ocrx_word' id='word_1_191' title='bbox 904 3413 1043 3463; x_wconf 88' lang='lat' dir='ltr'><strong>scenam</strong></span> <span class='ocrx_word' id='word_1_192' title='bbox 1065 3395 1278 3480; x_wconf 79' lang='lat' dir='ltr'><strong>proteramus</strong></span> <span class='ocrx_word' id='word_1_193' title='bbox 1299 3393 1441 3482; x_wconf 91' lang='lat' dir='ltr'><strong>negotia</strong></span> 
     </span>
     <span class='ocr_line' id='line_1_25' title="bbox 203 3495 1441 3606; baseline -0.002 -20"><span class='ocrx_word' id='word_1_194' title='bbox 203 3517 390 3606; x_wconf 85' lang='lat' dir='ltr'><strong>religionis</strong></span> <span class='ocrx_word' id='word_1_195' title='bbox 405 3517 441 3584; x_wconf 92' lang='lat' dir='ltr'><strong>in</strong></span> <span class='ocrx_word' id='word_1_196' title='bbox 457 3516 657 3598; x_wconf 86' lang='lat' dir='ltr'><strong>Germania,</strong></span> <span class='ocrx_word' id='word_1_197' title='bbox 676 3519 720 3584; x_wconf 92' lang='lat' dir='ltr'><strong>ad</strong></span> <span class='ocrx_word' id='word_1_198' title='bbox 741 3538 829 3604; x_wconf 89' lang='lat' dir='ltr'><strong>quae</strong></span> <span class='ocrx_word' id='word_1_199' title='bbox 848 3495 1034 3586; x_wconf 87' lang='lat' dir='ltr'><strong>Societatis</strong></span> <span class='ocrx_word' id='word_1_200' title='bbox 1054 3537 1158 3604; x_wconf 90' lang='lat' dir='ltr'><strong>opera</strong></span> <span class='ocrx_word' id='word_1_201' title='bbox 1177 3518 1222 3584; x_wconf 89' lang='lat' dir='ltr'><strong>ab</strong></span> <span class='ocrx_word' id='word_1_202' title='bbox 1242 3516 1386 3604; x_wconf 92' lang='lat' dir='ltr'><strong>egregio</strong></span> <span class='ocrx_word' id='word_1_203' title='bbox 1406 3529 1441 3586; x_wconf 88' lang='lat' dir='ltr'><strong>et</strong></span> 
     </span>
     <span class='ocr_line' id='line_1_26' title="bbox 202 3639 1440 3730; baseline -0.002 -18"><span class='ocrx_word' id='word_1_204' title='bbox 202 3652 334 3712; x_wconf 89' lang='lat' dir='ltr'><strong>sancto</strong></span> <span class='ocrx_word' id='word_1_205' title='bbox 360 3641 523 3730; x_wconf 86' lang='lat' dir='ltr'><strong>pontifice</strong></span> <span class='ocrx_word' id='word_1_206' title='bbox 544 3641 607 3710; x_wconf 92' lang='lat' dir='ltr'><strong>Pio</strong></span> <span class='ocrx_word' id='word_1_207' title='bbox 628 3642 661 3710; x_wconf 90' lang='lat' dir='ltr'>V</span> <span class='ocrx_word' id='word_1_208' title='bbox 681 3639 833 3708; x_wconf 87' lang='lat' dir='ltr'><strong>adhibita</strong></span> <span class='ocrx_word' id='word_1_209' title='bbox 856 3640 939 3724; x_wconf 83' lang='lat' dir='ltr'><strong>suit3</strong></span> <span class='ocrx_word' id='word_1_210' title='bbox 966 3651 1052 3725; x_wconf 87' lang='lat' dir='ltr'><strong>tum,</strong></span> <span class='ocrx_word' id='word_1_211' title='bbox 1077 3639 1260 3711; x_wconf 87' lang='lat' dir='ltr'><strong>Societatis</strong></span> <span class='ocrx_word' id='word_1_212' title='bbox 1282 3661 1440 3728; x_wconf 88' lang='lat' dir='ltr'><strong>progres-</strong></span> 
     </span>
     <span class='ocr_line' id='line_1_27' title="bbox 200 3765 1439 3853; baseline -0.005 -15"><span class='ocrx_word' id='word_1_213' title='bbox 200 3791 265 3838; x_wconf 88' lang='lat' dir='ltr'><strong>sus</strong></span> <span class='ocrx_word' id='word_1_214' title='bbox 282 3767 320 3834; x_wconf 92' lang='lat' dir='ltr'><strong>in</strong></span> <span class='ocrx_word' id='word_1_215' title='bbox 337 3766 459 3834; x_wconf 89' lang='lat' dir='ltr'><strong>iisdem</strong></span> <span class='ocrx_word' id='word_1_216' title='bbox 475 3777 510 3836; x_wconf 91' lang='lat' dir='ltr'><strong>et</strong></span> <span class='ocrx_word' id='word_1_217' title='bbox 526 3766 562 3833; x_wconf 94' lang='lat' dir='ltr'><strong>in</strong></span> <span class='ocrx_word' id='word_1_218' title='bbox 576 3765 652 3834; x_wconf 86' lang='lat' dir='ltr'><strong>aliis</strong></span> <span class='ocrx_word' id='word_1_219' title='bbox 667 3765 880 3853; x_wconf 89' lang='lat' dir='ltr'><strong>regionibus;</strong></span> <span class='ocrx_word' id='word_1_220' title='bbox 900 3767 1037 3833; x_wconf 90' lang='lat' dir='ltr'><strong>tandem</strong></span> <span class='ocrx_word' id='word_1_221' title='bbox 1049 3787 1105 3835; x_wconf 90' lang='lat' dir='ltr'><strong>res</strong></span> <span class='ocrx_word' id='word_1_222' title='bbox 1119 3767 1164 3833; x_wconf 90' lang='lat' dir='ltr'><strong>ad</strong></span> <span class='ocrx_word' id='word_1_223' title='bbox 1175 3785 1355 3853; x_wconf 86' lang='lat' dir='ltr'><strong>personam</strong></span> <span class='ocrx_word' id='word_1_224' title='bbox 1367 3766 1439 3834; x_wconf 92' lang='lat' dir='ltr'><strong>Na-</strong></span> 
     </span>
     <span class='ocr_line' id='line_1_28' title="bbox 198 3879 1439 3980; baseline -0.003 -17"><span class='ocrx_word' id='word_1_225' title='bbox 198 3894 282 3963; x_wconf 88' lang='lat' dir='ltr'><strong>talis</strong></span> <span class='ocrx_word' id='word_1_226' title='bbox 302 3893 447 3980; x_wconf 85' lang='lat' dir='ltr'><strong>propius</strong></span> <span class='ocrx_word' id='word_1_227' title='bbox 469 3893 692 3980; x_wconf 91' lang='lat' dir='ltr'><strong>pertinentes.</strong></span> <span class='ocrx_word' id='word_1_228' title='bbox 722 3893 775 3960; x_wconf 90' lang='lat' dir='ltr'><strong>De</strong></span> <span class='ocrx_word' id='word_1_229' title='bbox 802 3879 868 3959; x_wconf 89' lang='lat' dir='ltr'><strong>hoc</strong></span> <span class='ocrx_word' id='word_1_230' title='bbox 889 3889 996 3978; x_wconf 91' lang='lat' dir='ltr'><strong>igitur</strong></span> <span class='ocrx_word' id='word_1_231' title='bbox 1017 3891 1141 3978; x_wconf 93' lang='lat' dir='ltr'><strong>triplici</strong></span> <span class='ocrx_word' id='word_1_232' title='bbox 1163 3900 1369 3977; x_wconf 90' lang='lat' dir='ltr'><strong>argumento</strong></span> <span class='ocrx_word' id='word_1_233' title='bbox 1396 3913 1439 3961; x_wconf 85' lang='lat' dir='ltr'><strong>ex</strong></span> 
     </span>
     <span class='ocr_line' id='line_1_29' title="bbox 196 4015 841 4088; baseline -0.006 -1"><span class='ocrx_word' id='word_1_234' title='bbox 196 4019 325 4088; x_wconf 90' lang='lat' dir='ltr'><strong>ordine</strong></span> <span class='ocrx_word' id='word_1_235' title='bbox 340 4041 362 4086; x_wconf 91' lang='lat' dir='ltr'><strong>a</strong></span> <span class='ocrx_word' id='word_1_236' title='bbox 377 4017 478 4086; x_wconf 91' lang='lat' dir='ltr'><strong>nobis</strong></span> <span class='ocrx_word' id='word_1_237' title='bbox 493 4016 678 4086; x_wconf 88' lang='lat' dir='ltr'><strong>dicendum</strong></span> <span class='ocrx_word' id='word_1_238' title='bbox 689 4015 841 4085; x_wconf 91' lang='lat' dir='ltr'><strong>videtur.</strong></span> 
     </span>
    </p>
   </div>
   <div class='ocr_carea' id='block_1_4' title="bbox 198 4263 1443 4606">
    <p class='ocr_par' dir='ltr' id='par_1_4' title="bbox 198 4263 1443 4606">
     <span class='ocr_line' id='line_1_30' title="bbox 269 4263 1435 4355; baseline -0.002 -21"><span class='ocrx_word' id='word_1_239' title='bbox 269 4277 353 4335; x_wconf 65' lang='grc' dir='ltr'><strong>ΝΜ·</strong></span> <span class='ocrx_word' id='word_1_240' title='bbox 400 4267 552 4354; x_wconf 80' lang='lat' dir='ltr'><strong>Negotia</strong></span> <span class='ocrx_word' id='word_1_241' title='bbox 576 4267 948 4355; x_wconf 78' lang='lat' dir='ltr'><strong>religionis-«Cum,</strong></span> <span class='ocrx_word' id='word_1_242' title='bbox 978 4265 1096 4352; x_wconf 91' lang='lat' dir='ltr'><strong>igitur,</strong></span> <span class='ocrx_word' id='word_1_243' title='bbox 1126 4264 1271 4352; x_wconf 89' lang='lat' dir='ltr'><strong>septima</strong></span> <span class='ocrx_word' id='word_1_244' title='bbox 1297 4263 1354 4332; x_wconf 92' lang='lat' dir='ltr'><strong>die</strong></span> <span class='ocrx_word' id='word_1_245' title='bbox 1376 4265 1435 4353; x_wconf 88' lang='lat' dir='ltr'><strong>Ja-</strong></span> 
     </span>
     <span class='ocr_line' id='line_1_31' title="bbox 198 4389 1438 4484; baseline -0.005 -22"><span class='ocrx_word' id='word_1_246' title='bbox 198 4393 316 4462; x_wconf 88' lang='lat' dir='ltr'><strong>nuarii</strong></span> <span class='ocrx_word' id='word_1_247' title='bbox 333 4392 420 4460; x_wconf 90' lang='lat' dir='ltr'><strong>Pius</strong></span> <span class='ocrx_word' id='word_1_248' title='bbox 435 4413 525 4480; x_wconf 89' lang='lat' dir='ltr'><strong>papa</strong></span> <span class='ocrx_word' id='word_1_249' title='bbox 540 4393 584 4474; x_wconf 91' lang='lat' dir='ltr'><strong>V,</strong></span> <span class='ocrx_word' id='word_1_250' title='bbox 607 4413 764 4484; x_wconf 90' lang='lat' dir='ltr'><strong>summus</strong></span> <span class='ocrx_word' id='word_1_251' title='bbox 783 4390 950 4480; x_wconf 72' lang='lat' dir='ltr'><strong>pontifex,</strong></span> <span class='ocrx_word' id='word_1_252' title='bbox 969 4390 1089 4459; x_wconf 93' lang='lat' dir='ltr'><strong>diuino</strong></span> <span class='ocrx_word' id='word_1_253' title='bbox 1106 4389 1221 4480; x_wconf 87' lang='lat' dir='ltr'><strong>potius</strong></span> <span class='ocrx_word' id='word_1_254' title='bbox 1245 4411 1347 4476; x_wconf 89' lang='lat' dir='ltr'><strong>quam</strong></span> <span class='ocrx_word' id='word_1_255' title='bbox 1370 4389 1438 4456; x_wconf 94' lang='lat' dir='ltr'><strong>hu-</strong></span> 
     </span>
     <span class='ocr_line' id='line_1_32' title="bbox 199 4512 1443 4606; baseline -0.007 -18"><span class='ocrx_word' id='word_1_256' title='bbox 199 4541 311 4589; x_wconf 86' lang='lat' dir='ltr'><strong>mano</strong></span> <span class='ocrx_word' id='word_1_257' title='bbox 327 4517 475 4587; x_wconf 87' lang='lat' dir='ltr'><strong>consilio</strong></span> <span class='ocrx_word' id='word_1_258' title='bbox 491 4518 622 4588; x_wconf 85' lang='lat' dir='ltr'><strong>electus</strong></span> <span class='ocrx_word' id='word_1_259' title='bbox 639 4516 779 4587; x_wconf 83' lang='lat' dir='ltr'><strong>fuisset»</strong></span> <span class='ocrx_word' id='word_1_260' title='bbox 798 4516 883 4584; x_wconf 90' lang='lat' dir='ltr'><strong>nihil</strong></span> <span class='ocrx_word' id='word_1_261' title='bbox 898 4515 1013 4606; x_wconf 91' lang='lat' dir='ltr'><strong>potius</strong></span> <span class='ocrx_word' id='word_1_262' title='bbox 1028 4515 1164 4598; x_wconf 90' lang='lat' dir='ltr'><strong>habuit,</strong></span> <span class='ocrx_word' id='word_1_263' title='bbox 1183 4536 1286 4601; x_wconf 91' lang='lat' dir='ltr'><strong>quam</strong></span> <span class='ocrx_word' id='word_1_264' title='bbox 1298 4514 1335 4580; x_wconf 92' lang='lat' dir='ltr'><strong>in</strong></span> <span class='ocrx_word' id='word_1_265' title='bbox 1347 4512 1443 4582; x_wconf 87' lang='lat' dir='ltr'><strong>Ger-</strong></span> 
     </span>
    </p>
   </div>
   <div class='ocr_carea' id='block_1_5' title="bbox 0 0 1752 5392">
    <p class='ocr_par' dir='ltr' id='par_1_5' title="bbox 0 0 1752 5392">
     <span class='ocr_line' id='line_1_33' title="bbox 0 0 1752 5392; baseline 0 6"><span class='ocrx_word' id='word_1_266' title='bbox 0 0 1752 5392; x_wconf 95' lang='lat' dir='ltr'><strong> </strong></span> 
     </span>
    </p>
   </div>
  </div>
 </body>
</html>
