3482 5386
887 537 991 592 Enoc.
1011 535 1045 590 Ρ».
1065 535 1179 591 Naum

948 797 1109 864 LXXXII

734 937 768 994 P.
784 936 1024 994 EVERARDUS
1037 935 1324 994 MERCURIANUS

894 1081 999 1144 Jucro
1021 1082 1163 1130 scuras

851 1202 990 1275 epIscopo
1002 1201 1199 1274 herbipolensi

761 1319 927 1400 Romae,
954 1334 1000 1403 25
1022 1318 1117 1404 Maji
1144 1334 1243 1402 1574
1262 1319 1285 1387 ¹.

815 1449 1013 1506 Commendat
1026 1451 1064 1506 P.
1084 1449 1236 1536 Natalem.

479 1572 553 1642 Nisi
569 1594 858 1660 cognosceremus
873 1595 1007 1654 omneS,
1025 1573 1084 1658 qui
1099 1593 1120 1640 e
1135 1573 1305 1643 societate
1316 1583 1433 1641 nostra
1443 1583 1528 1652 sunt,
1541 1573 1607 1639 Cel-

409 1661 568 1732 situdinis
583 1664 665 1730 Ἠ·
681 1663 927 1731 Serenissimae
941 1662 1101 1749 pietatem
1118 1683 1159 1729 ac
1175 1661 1363 1747 singularia
1382 1673 1418 1731 et
1438 1660 1608 1748 plenissima

410 1749 634 1838 ¹renIgnitatis
657 1772 741 1838 erga
764 1751 970 1820 Societatem
997 1761 1146 1819 nostram
1169 1749 1312 1832 merita3
1336 1751 1520 1819 faciendum
1538 1748 1606 1814 mihi

411 1851 578 1924 putarem,
593 1841 649 1908 uel
661 1840 824 1908 deuotum
837 1839 987 1906 omnium
1000 1850 1154 1906 nostrum
1165 1841 1245 1910 V.le
1259 1839 1461 1908 Celsitudini
1472 1836 1604 1908 Serenis·

411 1928 517 1996 simae
540 1927 747 1996 inseruiendi
769 1927 974 1997 desiderium
996 1927 1050 1994 his
1073 1927 1192 1996 litteris
1213 1927 1278 2014 ipsi
1299 1928 1533 2014 significarem,
1555 1937 1605 1992 aut

410 2019 453 2084 R.
472 2019 610 2084 Patrem
625 2016 825 2102 magistrum
842 2018 1100 2102 Hyeronymum
1111 2017 1280 2099 Natalem,
1294 2017 1352 2102 qui
1365 2017 1474 2084 isthuc
1487 2016 1519 2084 in
1530 2017 1603 2084 Ger-

409 2104 554 2171 maniam
573 2104 679 2186 uenit,
697 2115 732 2174 et
748 2104 943 2190 aliquandiu
959 2106 1070 2174 Halae
1084 2117 1354 2172 commoraturus
1365 2117 1428 2186 est,
1445 2105 1602 2191 diligenter

409 2196 692 2261 commendarem.
715 2195 844 2262 Verum
868 2215 946 2261 cum
969 2193 1044 2274 ille,
1062 2206 1197 2280 praeter
1219 2197 1304 2261 haec
1327 2194 1455 2276 omnia,
1472 2190 1600 2277 obsequii

408 2303 493 2368 erga
507 2281 613 2368 ipsam
631 2281 738 2348 nostri
759 2281 821 2350 erit
845 2282 953 2363 testis,
971 2283 1040 2349 hoc
1062 2282 1144 2349 mihi
1167 2282 1248 2349 satis
1270 2281 1335 2349 erit
1356 2282 1479 2358 dicere,
1494 2284 1600 2348 bonum

411 2373 503 2438 hunc
518 2371 674 2452 Patrem,
692 2382 794 2454 atque
810 2373 853 2436 de
874 2371 1044 2440 Societate
1064 2381 1179 2439 nostra
1198 2370 1325 2458 optime
1345 2371 1512 2451 meritum,
1527 2371 1601 2437 Ger·

408 2459 542 2527 maniae
558 2481 690 2544 semper
706 2481 821 2527 amore
837 2461 938 2528 ualde
955 2459 1058 2526 fuisse
1081 2461 1263 2542 affectum3
1288 2480 1377 2546 quae
1399 2459 1490 2526 illum
1510 2477 1599 2524 resae

409 2558 548 2614 sanctae
564 2546 737 2634 religionis
753 2549 846 2616 zelus
862 2550 973 2615 adhuc
989 2548 1133 2632 impulit,
1148 2559 1187 2614 ut
1198 2551 1261 2616 hos
1272 2569 1355 2616 suae
1366 2549 1541 2618 senectutis
1550 2544 1599 2610 ali·

408 2646 491 2719 quot
518 2657 625 2702 annos
652 2635 752 2702 isthic
778 2637 964 2722 impendat,
989 2635 1137 2720 fideique
1160 2637 1406 2704 restitutionem
1429 2648 1463 2703 et
1488 2633 1600 2722 pietatis

407 2723 699 2810 propagationem,
715 2725 839 2808 quibus
855 2725 981 2811 poterit
997 2725 1196 2805 rationibus,
1211 2725 1318 2794 iuuet.
1334 2727 1410 2792 Hoc
1423 2720 1597 2794 Celsitudini

407 2815 486 2881 V!e
507 2814 643 2881 Ser.mae
658 2834 729 2879 non
744 2813 862 2879 dubito
875 2813 957 2897 quin
974 2811 1018 2880 sit
1034 2814 1186 2880 futurum
1202 2813 1443 2900 gratissimum,
1459 2813 1521 2885 cui.
1538 2819 1599 2896 post

406 2899 628 2966 humillimam
651 2901 687 2966 in
709 2901 856 2968 Domino
882 2901 1134 2983 salutationem,
1156 2901 1257 2989 cupio
1282 2925 1302 2969 a
1329 2902 1446 2970 diuina
1468 2901 1597 2970 bonitale

404 2989 518 3056 omnia
537 2992 627 3056 bona
650 2989 878 3075 diuturnaque
901 2992 942 3056 ad
967 2991 1020 3057 sui
1043 2990 1151 3058 sancti
1173 2991 1320 3058 nominis
1347 2992 1484 3078 gloriam
1511 2989 1595 3057 utam

403 3077 557 3146 concedi.
576 3080 715 3162 Romae,
734 3095 774 3163 25
792 3079 873 3164 Maji
893 3095 988 3163 1574.

926 3249 1101 3315 LXXXIII

807 3380 842 3434 Β.
862 3379 1015 3435 PETRUS
1034 3379 1215 3437 CANISIUS

723 3516 830 3563 PATRI
856 3515 1046 3563 EVERARDO
1071 3517 1304 3566 MERCURIANO

757 3627 969 3713 Oeniponte,
993 3627 1265 3717 19Julii1574'.

641 3761 678 3815 P.
693 3759 815 3815 Natalis
825 3761 957 3816 adventu
970 3761 1003 3814 in
1019 3758 1218 3816 Germaniam
1231 3759 1377 3817 laetatur.

466 3877 578 3942 Tanto
594 3875 724 3961 gratior
740 3875 839 3942 nobis
854 3885 890 3944 et
905 3875 967 3941 toti
984 3875 1171 3961 provintiae
1190 3876 1336 3962 contigit
1351 3880 1392 3945 P.
1409 3876 1530 3944 Natalis
1545 3875 1594 3942 ad·

397 3975 533 4045 ventus,
549 3985 617 4049 quo
629 3964 685 4033 ille
697 3965 762 4031 fuit
774 3964 1028 4050 inexpectatior.
1043 3967 1236 4050 Utcumque
1247 3967 1350 4033 habet
1361 3968 1531 4046 hactenus,
1540 3961 1591 4032 Dei

396 4054 519 4139 gratia,
538 4074 639 4138 quem
657 4075 723 4139 ego
740 4066 853 4122 tamen
869 4053 1011 4138 optarim
1029 4052 1166 4140 reginae
1187 4055 1501 4123 commendatiorem
1518 4073 1588 4121 esse.

396 4143 612 4211 Imbecillitas
628 4144 716 4208 haec
733 4163 971 4228 germanorum
995 4153 1063 4220 est,
1082 4153 1120 4208 ut
1143 4164 1224 4209 suos
1245 4155 1282 4211 et
1303 4165 1481 4229 germanos
1500 4139 1592 4226 magis

396 4252 499 4315 quam
517 4242 652 4299 exteros
669 4242 704 4299 et
719 4230 881 4316 hispanos
896 4242 1011 4299 ament
1027 4242 1130 4315 atque
1142 4232 1420 4317 complectantur.
1435 4235 1533 4301 Deest
1543 4228 1592 4296 ali·

392 4319 476 4402 quid
492 4321 582 4385 bono
600 4319 692 4386 Patri
709 4321 752 4385 ad
768 4341 826 4386 eas
842 4319 1109 4400 commoditates,
1128 4341 1212 4404 quas
1228 4319 1262 4386 in
1279 4321 1462 4389 tractandis
1477 4319 1589 4395 studiis,

392 4408 532 4492 suisque
545 4407 679 4494 scriptis
692 4408 919 4489 absolvendis,
934 4408 1126 4477 desiderare
1137 4409 1281 4479 videtur.
1293 4410 1363 4478 Sed
1374 4422 1450 4498 post
1460 4427 1590 4478 mensem

443 4601 449 4634 ¹
488 4603 532 4656 Ex
545 4603 685 4674 Regesto,
703 4601 778 4659 Cod.
795 4617 827 4672 33
848 4601 877 4674 ⁰),
893 4601 942 4657 iol.
960 4615 1001 4657 11.

439 4693 451 4724 ²
488 4691 533 4746 Ex
545 4693 737 4764 autographo,
750 4691 780 4748 ln
794 4693 890 4765 Epist.
907 4689 1034 4762 Οαιιίειϊ,
1049 4689 1088 4760 ΙΙ,
1102 4703 1164 4762 274.
