3414 5374
397 445 461 540 ⁶⁴⁶.
767 415 1167 518 'amram-540

359 597 522 666 hauendo
538 596 765 684 ricompensa,
783 608 850 666 etc.
870 597 1026 668 Primoe
1048 598 1081 666 la
1101 597 1240 685 justicia
1264 596 1374 666 media
1396 606 1431 666 et
1454 595 1591 676 infima,

361 715 463 800 quale
479 715 499 780 ὁ
514 711 671 780 estimata
688 712 771 800 ogni
787 735 878 782 anno
895 728 938 798 50
952 713 1028 783 lire.
1046 717 1094 782 2⁰
1118 715 1196 784 Una
1208 724 1311 802 ‚torre
1332 723 1368 782 et
1391 735 1512 780 mezza
1536 715 1589 778 coi

361 827 474 915 spatio
490 830 555 896 che
570 829 590 896 ὲ
605 827 740 908 inanze,
756 828 833 896 sino
852 852 874 896 a
892 827 976 898 certi
993 829 1203 900 fondamenti
1218 829 1353 911 vecchi,
1376 829 1465 896 nella
1485 828 1593 912 quale

363 953 457 1013 torre
473 965 558 1010 sono
574 964 709 1013 camere
724 953 760 1012 et
781 943 896 1011 luochi
916 944 960 1010 da
975 944 1142 1032 habitare,
1160 954 1195 1012 et
1214 943 1243 1010 si
1264 945 1477 1029 potrebbono
1498 944 1589 1009 bene

361 1059 631 1140 accommodare,
646 1069 681 1126 et
692 1061 774 1145 perd
787 1058 953 1128 estimano
965 1060 1059 1128 detta
1071 1069 1161 1126 torre
1178 1058 1261 1146 ogni
1272 1080 1363 1126 anno
1377 1075 1418 1143 25
1431 1058 1508 1140 lire,
1522 1059 1590 1126 che

360 1196 446 1242 sono
469 1190 519 1246 Δ.
542 1193 582 1242 10
600 1183 628 1241 ⁸.
647 1173 803 1243 Ildretto
819 1173 875 1244 del
890 1173 1030 1262 signore
1045 1175 1135 1244 nelle
1159 1185 1211 1244 tre
1235 1171 1319 1244 serie
1342 1176 1408 1242 che
1429 1173 1459 1241 si
1483 1175 1593 1240 fanno

361 1289 444 1378 ogni
461 1311 551 1357 anno
567 1288 603 1354 in
619 1290 787 1358 Andanza
802 1291 822 1358 ὁ
837 1288 974 1358 stima'to
990 1289 1075 1377 ogni
1089 1312 1182 1358 anno
1202 1305 1234 1362 Δ
1257 1307 1290 1358 2.
1307 1291 1333 1358 Il
1350 1293 1450 1358 furno
1469 1311 1538 1358 con
1556 1291 1589 1354 la

361 1427 441 1473 casa
457 1405 546 1472 done
562 1404 580 1472 ὲ
596 1403 620 1470 il
636 1405 737 1471 furno
753 1404 836 1492 ogni
852 1427 942 1473 anno
963 1423 1001 1474 12
1018 1405 1091 1474 lire.
1115 1406 1339 1476 Reseruando
1355 1405 1379 1472 li
1400 1405 1484 1475 detti
1509 1405 1587 1472 reli-

360 1519 452 1608 giosi
467 1541 581 1607 perse
596 1519 621 1586 li
637 1519 822 1602 riceuitori,
840 1521 998 1589 seruitori
1015 1531 1051 1589 et
1067 1520 1245 1590 domestici
1261 1523 1347 1604 loro,
1360 1524 1426 1589 che
1443 1542 1591 1588 saranno

361 1635 510 1722 exempti
526 1635 561 1701 in
578 1635 692 1721 quello
707 1639 773 1703 che
789 1645 887 1704 tocca
900 1638 995 1704 detta
1011 1635 1150 1722 justicia
1173 1636 1285 1706 media
1304 1649 1340 1704 et
1359 1637 1485 1716 infima,
1509 1633 1585 1702 delli

362 1751 498 1820 officiali
521 1750 556 1817 di
579 1752 676 1818 detto
698 1750 817 1838 signor
839 1751 874 1817 di
898 1753 971 1820 Sto.
1003 1753 1218 1832 Chamondo,
1248 1752 1450 1820 rimettendo
1474 1751 1589 1837 quello

361 1867 468 1934 dritto
483 1866 539 1932 alli
554 1865 689 1932 officiali
705 1867 761 1934 del
776 1865 916 1954 signore
931 1867 967 1932 di
981 1869 1155 1949 Tomone,
1172 1866 1195 1932 il
1210 1867 1311 1954 quale
1320 1889 1387 1964 per
1398 1868 1431 1933 la
1442 1867 1532 1932 bulla
1543 1865 1587 1932 de

362 1985 385 2050 l'
418 1982 543 2051 vnione
563 1983 583 2050 ὲ
605 1981 792 2049 constituto
812 1993 1058 2052 conseruatore
1076 1980 1111 2048 di
1132 1992 1254 2068 questo
1278 1982 1435 2068 collegio.
1464 1983 1582 2049 Reser-
1692 1955 1693 1984 ¹

364 2099 478 2165 uando
493 2099 603 2166 anche
613 2098 638 2162 l'
653 2096 778 2165 intrata
793 2107 828 2166 et
843 2097 877 2164 la
889 2097 1015 2166 faculta
1030 2099 1064 2164 d'
1078 2107 1229 2166 attacare
1239 2097 1263 2162 li
1275 2097 1392 2164 molini
1404 2097 1475 2162 loro
1486 2115 1583 2182 sopra

364 2214 387 2280 il
403 2213 572 2281 Rhodano
587 2211 623 2278 in
640 2222 728 2278 tutta
742 2212 776 2279 la
790 2213 1004 2282 iurisditione
1018 2214 1054 2282 d'
1068 2214 1244 2293 Andansa,
1259 2213 1358 2298 quale
1371 2233 1471 2299 sopra
1482 2211 1505 2277 il
1516 2213 1582 2278 Ro-

363 2329 454 2396 dano
471 2325 671 2394 commincia
688 2328 731 2394 ad
747 2349 793 2393 vn
810 2337 972 2410 torrente,
990 2327 1013 2394 il
1035 2330 1135 2414 quale
1150 2329 1169 2396 ὲ
1184 2328 1356 2396 chiamato
1372 2328 1579 2402 Torenchon,

262 2525 265 2532 ¹
363 2454 399 2512 et
421 2444 538 2510 finisee
558 2443 590 2509 al
611 2451 760 2509 muretto
780 2442 950 2510 chiamato
969 2443 1152 2512 sarrazino
1177 2443 1398 2511 Reseruando
1422 2463 1541 2510 ancora
1559 2440 1580 2504 il

365 2570 463 2646 porto
490 2558 547 2624 del
567 2557 748 2638 Rhodano,
766 2557 789 2622 il
811 2559 926 2624 bando
947 2560 1003 2625 del
1027 2580 1095 2626 vno
1118 2559 1154 2624 in
1177 2559 1324 2645 Agost0,
1351 2559 1383 2626 le
1406 2558 1520 2644 lingue
1541 2557 1581 2622 da

365 2673 447 2739 tutti
463 2672 544 2739 boui
560 2683 596 2740 et
611 2672 753 2742 vaccina
767 2673 833 2741 che
848 2675 877 2739 ε)
894 2694 1072 2740 amassano
1087 2673 1123 2739 in
1142 2674 1319 2752 Andansa,
1340 2694 1437 2742 come
1457 2689 1581 2758 sempre

364 2790 384 2855 ὲ
400 2799 489 2854 stato
506 2799 751 2870 aecostumato,
768 2799 856 2855 tutte
870 2788 903 2856 le
918 2788 1043 2857 intrate
1058 2799 1093 2854 et
1113 2789 1198 2858 altre
1219 2810 1301 2856 cose
1322 2791 1388 2856 che
1408 2799 1578 2875 apparten-

365 2923 458 2991 gono
475 2905 507 2968 ai
522 2903 617 2971 detto
633 2903 795 2988 priorato,
814 2913 949 2973 excetto
969 2905 1084 2989 quello
1103 2904 1202 2972 chee
1224 2914 1314 2972 stato
1334 2926 1434 2990 sopra
1455 2903 1578 2990 specifi-

364 3029 452 3087 cato.
472 3019 516 3084 Et
531 3017 560 3082 si
577 3018 666 3084 forsa
681 3019 776 3086 detta
796 3019 1010 3086 estimatione
1026 3039 1162 3106 parasse
1182 3019 1359 3088 excessiua
1378 3022 1412 3086 al
1433 3022 1523 3086 detto
1537 3017 1577 3086 si·

365 3155 486 3221 gnore,
499 3131 585 3201 detti
597 3132 746 3219 religiosi
758 3155 796 3201 ae
808 3144 1078 3202 contentaranno
1089 3136 1133 3204 de
1145 3157 1189 3203 ne
1200 3145 1322 3202 starea
1338 3136 1453 3220 quello
1469 3137 1580 3202 chene
1693 3179 1694 3216 ,

365 3248 513 3316 dieanno
529 3248 540 3314 i
556 3247 685 3328 arbitri,
703 3248 726 3314 li
743 3249 835 3333 quali
851 3269 998 3316 saranno
1009 3249 1105 3317 eletti
1119 3251 1154 3316 d'
1172 3273 1240 3317 vna
1255 3262 1351 3337 parte
1367 3263 1401 3318 et
1417 3251 1452 3317 d'
1470 3252 1576 3316 altrat.
1693 3277 1694 3300 t

433 3383 465 3430 2.
514 3366 601 3432 Mro.
620 3365 745 3452 Joanni
762 3365 894 3433 Tioneo
912 3367 920 3398 ¹
938 3387 1072 3451 sempre
1088 3376 1141 3434 sta
1164 3388 1228 3434 con
1249 3367 1282 3433 la
1304 3367 1409 3448 febre,
1432 3378 1468 3434 et
1489 3385 1583 3451 penso
1693 3365 1694 3450 i

364 3478 636 3566 probabilmente
655 3481 722 3548 che
738 3501 798 3566 per
811 3491 902 3548 tutto
913 3481 1060 3572 ques[to]
1073 3485 1228 3568 hyuerno
1243 3503 1313 3548 non
1324 3481 1421 3568 potrai
1435 3483 1576 3568 leggere.

366 3593 430 3662 Lui
446 3614 570 3660 ancora
585 3615 654 3660 non
670 3596 690 3660 ὁ
705 3595 810 3660 molto
827 3605 906 3680 apto
922 3618 982 3682 per
998 3597 1178 3665 rhetorica.
1203 3596 1425 3664 Hauressimo
1445 3596 1579 3680 bisogno

364 3709 400 3774 d’
423 3731 491 3776 vno
515 3711 608 3775 buon
632 3709 814 3790 rethoric0,
838 3711 862 3775 il
885 3713 986 3797 quale
1009 3733 1147 3798 sapesse
1170 3715 1236 3780 ben
1259 3731 1464 3798 componere
1484 3707 1576 3777 versi.

367 3826 435 3892 Per
451 3845 564 3890 amore
580 3823 614 3888 di
631 3823 698 3891 Dio
714 3827 758 3893 V.
778 3827 819 3892 R.
838 3847 881 3894 ne
897 3826 1033 3912 procuri
1048 3849 1120 3894 vno
1135 3849 1194 3914 per
1210 3837 1331 3913 questo
1350 3826 1507 3914 collegio,
1522 3825 1580 3890 che

368 3938 487 4026 sappia
502 3961 627 4007 ancora
643 3961 760 4026 greco.

435 4075 467 4139 3.
515 4059 602 4126 Mra.
633 4055 811 4124 Ludouico
832 4057 1026 4126 Gerardino
1041 4060 1067 4142 ⁸,
1091 4058 1114 4124 il
1135 4059 1235 4145 quale
1255 4059 1359 4146 legge
1387 4059 1420 4124 la
1442 4055 1582 4144 philoso-

380 4177 591 4188 ——nur-n———nn

420 4243 437 4277 ⁸
466 4235 501 4289 In
515 4251 606 4303 marg.
621 4234 724 4291 eadem
737 4252 825 4292 manu
838 4236 989 4292 Matthaei:
1005 4239 1138 4308 «Queste
1149 4245 1227 4293 torre
1237 4253 1311 4293 sono
1321 4237 1341 4292 il
1353 4239 1438 4292 iuoco
1450 4235 1524 4291 delle
1534 4231 1584 4304 pri·

366 4325 462 4396 gioni,
476 4332 507 4379 et
520 4323 550 4380 in
565 4333 665 4398 tempo
676 4325 706 4381 di
718 4343 824 4398 guerra
837 4327 858 4382 li
875 4326 996 4383 citadini
1014 4325 1102 4383 fanno
1118 4327 1146 4382 la
1162 4325 1284 4398 guardia
1302 4343 1388 4399 sopra
1407 4326 1486 4382 dette
1504 4332 1583 4380 torre:

369 4427 445 4469 sono
463 4413 684 4471 nientedimeno
697 4423 827 4472 nostre.»

373 4513 662 4623 made
676 4566 762 4640 epist.
778 4566 842 4638 538,
856 4586 886 4624 n.
900 4567 928 4622 3.

424 4659 434 4687 ²
474 4654 544 4726 Ejus
558 4671 682 4712 examen
694 4657 786 4712 habes
799 4656 830 4712 in
843 4657 941 4728 Epist.
957 4657 1076 4730 Natat„
1088 4657 1128 4722 11,
1140 4668 1203 4728 570.
1217 4658 1396 4730 Incataitgo
1405 4655 1585 4729 conegiiave·
