3404 5380
578 467 610 528 18
629 473 714 546 Jumr
735 468 804 543 1566
1212 487 1263 550 159
1312 465 1313 474 ’

122 627 238 716 qualche
247 625 415 698 occasione
436 649 475 696 se
489 629 676 716 procurarit
690 626 775 696 darli
795 625 907 712 questi
923 625 1047 696 ricordi
1065 629 1088 695 ¹.
1103 630 1177 697 Bcn
1189 629 1302 698 inten-

119 745 271 816 diamoche
280 756 331 813 sta
346 746 418 816 Sua
429 743 564 814 Santiti
575 743 664 811 assai
679 752 841 812 contento
852 744 907 811 del
918 765 1079 814 successo
1091 745 1181 815 della
1192 745 1298 828 dieta,

119 863 336 930 conlsssnndo⁸
354 860 403 928 lui
418 861 541 930 istesso
557 863 621 930 che
637 881 705 928 non
720 860 755 928 lo
770 870 947 948 aspettaua
964 870 1059 929 tanto
1075 861 1203 944 buono,
1226 862 1300 930 etli

121 978 254 1060 catholici,
269 977 427 1048 massimc
445 976 579 1065 prelati,
596 979 710 1044 hanno
730 976 833 1046 etiarn
849 987 1009 1064 superata
1028 977 1061 1045 la
1081 977 1298 1066 spectatione,
1417 1015 1420 1020 ·

120 1093 241 1162 nassime
258 1104 384 1181 quanto
405 1093 472 1162 allo
492 1103 640 1162 accettar
660 1091 685 1158 il
704 1089 860 1174 concilio,
881 1090 928 1160 dil
948 1094 1011 1168 che
1037 1092 1118 1160 tutti
1140 1092 1173 1161 ci
1194 1092 1300 1162 siamo

117 1211 248 1279 consolati
261 1210 296 1278 in
310 1211 474 1280 Domino.-

165 1347 189 1412 3.
228 1329 332 1398 Come
345 1327 376 1396 si
402 1329 502 1414 potrir
528 1325 619 1396 uscir
643 1324 679 1393 di
705 1328 824 1408 Roma,
853 1323 882 1392 si
909 1326 1034 1392 crederit
1061 1325 1095 1393 di
1119 1326 1259 1396 mandat
1287 1324 1311 1392 il

115 1443 145 1510 P.
157 1443 303 1532 Gregorio
318 1445 331 1477 ²
348 1454 384 1511 et
401 1446 443 1512 Ρ.
458 1443 642 1530 Georgio⁸
664 1452 700 1510 et
720 1441 809 1525 altri,
828 1463 898 1509 non
918 1441 1177 1510 determinando
1198 1443 1296 1510 ilmi-

113 1558 219 1626 nisterio
229 1561 311 1646 loro,
324 1558 422 1628 aceio
437 1560 503 1626 che
518 1558 552 1626 di
568 1558 600 1626 lri
615 1557 645 1626 si
656 1579 758 1646 possa
773 1545 932 1644 disponer
946 1556 981 1624 di
997 1557 1100 1644 quelli
1123 1579 1219 1627 come
1235 1580 1297 1646 pa-

113 1677 166 1742 reri
178 1675 288 1764 meglio
303 1677 344 1742 in
357 1677 521 1744 Domino.
540 1675 630 1761 Quel
647 1676 711 1742 che
726 1675 770 1742 V.
789 1675 831 1742 R.
849 1673 960 1742 scriue
976 1696 1045 1741 non
1067 1675 1092 1742 li
1112 1697 1195 1762 pare
1210 1675 1296 1742 deb-

113 1789 152 1856 bia
162 1791 318 1861 accettarsi
334 1792 422 1859 altro
434 1789 580 1880 collegio
590 1789 627 1857 in
638 1788 834 1871 Germania,
849 1788 958 1878 prima
972 1789 1007 1856 di
1018 1791 1135 1875 quello
1147 1791 1192 1860 dc
1204 1793 1296 1860 Her-

113 1905 200 1992 bipoli,
213 1918 335 1978 attenta
354 1907 388 1974 la
403 1929 589 1995 promessa,
610 1915 691 1988 etc,
713 1903 760 1972 mi
780 1927 862 1994 pare
882 1909 992 1976 anche
1012 1927 1032 1974 a
1052 1927 1107 1972 me
1122 1907 1222 1975 bene.
1241 1909 1296 1977 De

113 2021 186 2107 Spica
197 2024 245 2112 gii
259 2027 303 2092 ho
318 2022 438 2092 scritto
454 2033 489 2093 et
504 2033 632 2110 quanto
647 2023 691 2090 ad
707 2021 896 2104 Olomutio,
914 2043 1058 2090 masec
1074 2025 1118 2092 V.
1134 2024 1174 2092 R.
1193 2022 1217 2090 li
1232 2045 1295 2110 pa-

114 2138 174 2205 rcssi
183 2161 252 2208 cosa
264 2139 468 2228 importante
482 2141 505 2206 l'
519 2149 668 2208 accettar
683 2149 804 2226 questo
820 2138 951 2220 ultimn,
968 2137 1071 2207 diami
1084 2138 1192 2221 auiso,
1207 2148 1242 2209 ct
1257 2137 1294 2208 in

114 2265 203 2337 questo
214 2279 324 2326 mezzo
339 2279 410 2324 non
429 2256 464 2323 lo
480 2255 603 2324 riceua.
619 2256 666 2326 Al
682 2275 831 2324 uesoouo
847 2255 1064 2324 olomucense
1083 2255 1117 2322 io
1137 2254 1160 2322 li
1180 2253 1295 2322 scriuo

113 2367 321 2440 tinettendomi
335 2374 413 2442 aV.
428 2373 484 2456 R.;
498 2373 631 2442 bench&
647 2370 820 2440 tendendo
833 2371 866 2436 la
881 2391 974 2453 cosa,
989 2392 1086 2439 come
1097 2372 1129 2454 ἐ,
1143 2371 1292 2456 difficile;

113 2484 202 2554 hnic
220 2499 327 2560 mente
353 2489 438 2576 perti
464 2489 484 2556 ὲ
510 2497 643 2577 questa.
672 2489 715 2558 D'
743 2486 819 2556 altri
845 2486 1040 2576 particulari
1065 2487 1095 2554 si
1121 2487 1233 2557 scriue
1261 2488 1295 2555 al

114 2599 142 2664 P.
154 2602 337 2688 prouintiale
351 2605 388 2671 d’
405 2604 559 2674 Austria.

159 2736 186 2802 4.
224 2722 415 2804 Mandando
430 2719 752 2810 ilpapapernuntio
765 2719 801 2787 in
813 2719 1132 2790 Scotiaalvescouo
1144 2719 1180 2787 di
1192 2721 1293 2790 Mon-

116 2827 194 2900 deui⁴
208 2835 309 2922 (ehoe
325 2847 421 2906 tanto
432 2847 549 2907 nostro
564 2835 686 2917 amico,
706 2846 834 2924 quanto
850 2837 896 2914 V.
914 2837 955 2903 R.
978 2837 1023 2904 ha
1041 2835 1242 2905 conosciuto
1258 2835 1294 2904 in

116 2947 148 3014 il.
169 2949 326 3022 Vincenzo
346 2954 481 3024 Laurco
508 2953 544 3040 ¹),
572 2973 698 3020 ancora
716 2953 761 3020 ha
781 2951 900 3018 uoluto
926 2953 1067 3020 mandar
1093 2952 1216 3020 alcuno
1238 2951 1295 3022 dei

116 3066 204 3148 nostri,
219 3069 270 3136 cui
280 3069 400 3157 lingua
416 3079 450 3138 et
467 3069 595 3139 talento
609 3089 710 3158 possa
721 3065 851 3136 seruire
865 3067 902 3135 in
913 3067 1025 3156 quelle
1037 3068 1161 3154 bande3
1176 3078 1211 3138 et
1222 3068 1294 3135 cosi

116 3201 283 3222 Q—

149 3281 162 3314 *
185 3272 304 3348 tirohet,
318 3273 521 3349 confessendo.

115 3388 281 3409 *Q—

149 3459 157 3494 ¹
186 3461 380 3536 ...conligatis
392 3479 428 3519 ac
439 3461 576 3536 portorio,
588 3462 694 3536 partim
711 3462 838 3532 sublato,
851 3459 956 3534 partim
972 3463 1105 3534 remissa,
1118 3477 1292 3537 omnemque

113 3542 205 3614 ‘lm
221 3569 281 3610 esse
297 3554 330 3614 in
344 3555 435 3613 rebus
451 3551 542 3611 sacris
562 3553 705 3624 pecuniae
721 3549 1209 3622 conditionem.oGrnnrms,1oe.
1227 3553 1291 3624 cit,

113 3633 148 3690 lib.
158 3635 177 3706 1,
187 3655 243 3714 cap.
259 3641 294 3708 V,
309 3661 338 3698 n.
353 3654 401 3712 57.
419 3641 589 3714 «Tantaque
605 3639 661 3697 fuit
677 3640 730 3697 Pio
747 3640 774 3695 V
790 3657 860 3712 erga
876 3639 1002 3713 optimos
1015 3659 1157 3715 quosque,
1171 3659 1292 3715 remque

113 3721 180 3793 lpum
188 3731 322 3802 publicsnr
333 3730 506 3802 liberalitas,
515 3738 549 3786 vt
561 3730 592 3788 iu
603 3729 784 3790 sublevanda
801 3729 973 3788 miserorum
990 3731 1087 3804 inopis
1099 3738 1130 3787 et
1141 3731 1292 3804 republica

114 3815 194 3872 nenda
202 3828 245 3876 snt
256 3821 382 3878 omandn
394 3819 622 3876 extraordinario
634 3827 752 3893 sumptu
765 3837 841 3893 pene
854 3819 947 3876 vicies
958 3829 1078 3877 centum
1091 3820 1181 3878 millia
1190 3838 1291 3878 aureo·

114 3917 158 3958 mm
167 3922 277 3980 expensa
290 3910 489 3982 referantur.»
501 3909 708 3979 CuccoutuS,
724 3907 810 3965 Vitae
822 3914 849 3965 ct
856 3913 943 3983 gesta
954 3909 1148 3986 Ponttfiwm,
1159 3910 1199 3983 11,
1211 3910 1290 3966 1203.

149 3995 159 4030 ¹
186 3995 324 4058 Roseffius.

149 4081 159 4113 ⁸
186 4084 279 4144 Bsdm.
295 4090 451 4162 Ingressus
463 4089 574 4146 Romae
587 4106 664 4146 anno
679 4099 758 4161 1557.
772 4087 840 4144 Fuit
852 4086 987 4145 minister
999 4087 1137 4162 Dilingse
1150 4097 1181 4145 et
1193 4097 1290 4146 rector

113 4161 238 4246 Herbipnti.
249 4176 293 4234 Ci.
305 4178 401 4236 Cstol.
414 4177 549 4252 Herbip.,
563 4186 594 4236 et
607 4177 707 4252 Epist.
727 4177 855 4244 Canisic',
872 4189 905 4248 17
918 4176 1012 4250 April.
1028 4178 1108 4248 1567.

148 4257 157 4289 ⁸
183 4258 361 4340 virodunum,
373 4266 447 4324 alias
460 4269 544 4324 Mons
557 4267 634 4338 Vici,
648 4275 679 4324 et
691 4267 921 4334 Mons-Regalis,
934 4265 965 4323 in
975 4267 1158 4341 subalpinis.

148 4348 157 4381 ⁸
184 4349 232 4408 Hic
242 4363 285 4412 est
296 4357 344 4414 ille
357 4355 533 4414 Vincentius
549 4355 692 4430 Laurens,
705 4355 836 4412 medicus
854 4355 1008 4412 cardinalis
1021 4355 1215 4428 ferrariensis,
1228 4358 1288 4416 lau·

112 4429 207 4496 istosin
217 4442 309 4516 Epist.
329 4445 448 4520 Natat,
465 4446 503 4518 ll,
521 4446 588 4518 625.
610 4447 657 4502 De
674 4446 738 4522 ipso
755 4445 828 4502 haec
844 4445 935 4502 habet
951 4446 1201 4518 Gnnnrrns,1oc.
1217 4447 1287 4506 cit.:

113 4520 174 4620 “llos
183 4528 352 4592 vincentium
364 4535 522 4607 Laureunr,
534 4553 622 4609 quem
634 4535 692 4592 sibi
709 4542 777 4608 post
792 4533 897 4591 initum
916 4535 1132 4606 Pontificatum,
1146 4544 1178 4594 ut
1191 4545 1289 4596 osten·

114 4607 191 4687 inm,
201 4620 335 4693 Ecclesine
349 4625 456 4684 Montis
468 4625 587 4700 Regalis
600 4625 630 4682 in
644 4623 811 4699 Subalpinis
830 4627 1006 4702 Episcopum
1019 4625 1189 4693 suffecerat,
1209 4628 1288 4705 Apo·

115 4701 353 4772 stolicssuctoritate
364 4713 509 4772 Nuntium
522 4715 551 4772 in
564 4714 693 4771 Scotiam
705 4714 872 4772 decrevit.»
