3482 5386
860 500 965 554 Earsr.
984 499 1019 554 P.
1039 496 1154 554 Nilum

945 759 1079 825 XXXV

748 889 1000 946 MAGDALENA
1019 891 1072 946 DE
1091 889 1265 946 AUSTRIA

794 1028 900 1075 parm
933 1027 1062 1089 Jonuur
1095 1027 1218 1076 uiusro

627 1139 822 1224 Oeniponte
839 1140 887 1226 (l),
905 1162 1023 1208 mense
1039 1142 1192 1208 Octobre
1208 1139 1243 1225 (i)
1265 1139 1348 1222 1566
1367 1141 1388 1204 ¹.

461 1272 613 1357 Epistola
628 1272 756 1358 primae
775 1294 941 1358 personae
957 1274 968 1305 ¹
986 1274 1030 1338 ad
1045 1276 1089 1339 D.
1109 1272 1236 1358 scripta
1255 1271 1390 1358 propria
1410 1293 1521 1342 manu
1543 1292 1625 1359 ger-

393 1383 538 1428 manice.

461 1449 594 1518 Dilecte
610 1449 747 1517 domine
758 1453 921 1538 Joannes.
941 1451 1017 1535 Ego
1034 1459 1068 1518 et
1084 1471 1218 1516 sorores
1234 1470 1296 1535 pro
1310 1447 1434 1514 viatico
1449 1447 1624 1515 mittimus

394 1540 437 1603 ad
453 1542 497 1604 D.
514 1539 669 1604 Natalem
684 1556 724 1621 32
739 1549 933 1618 coronatos
949 1547 984 1606 et
999 1549 1175 1623 praeterea
1190 1549 1326 1606 ornatas
1342 1536 1506 1622 reliquias
1520 1537 1622 1621 quin-

394 1648 461 1712 que
476 1626 635 1712 partium,
651 1626 731 1712 quia
745 1637 901 1712 sumptae
917 1637 998 1693 sunt
1013 1650 1056 1694 ex
1071 1627 1166 1710 ligno
1182 1638 1320 1694 sanctae
1332 1627 1454 1703 crucis,
1471 1627 1512 1692 S.
1530 1629 1620 1694 Lau·

394 1715 506 1795 rentii,
539 1717 576 1783 S.
605 1716 820 1796 Anastasiae,
851 1717 886 1784 S.
918 1715 1065 1802 Virgilii,
1094 1717 1127 1785 S.
1160 1715 1419 1782 Bartholomaei.
1446 1715 1619 1782 Mittimus

393 1805 495 1870 etiam
523 1826 632 1890 pauca
658 1805 823 1888 quaedam
851 1804 1068 1870 condimenta
1091 1816 1126 1873 et
1153 1825 1288 1888 aquam,
1311 1805 1353 1870 ad
1381 1804 1615 1872 ualetudinem

392 1893 483 1960 illius
500 1892 626 1960 rectius
642 1894 825 1959 curandam
841 1893 1080 1974 conducibilia,
1098 1915 1185 1978 quae
1201 1893 1315 1959 omnia
1330 1914 1455 1977 quaeso
1473 1892 1523 1958 illi
1540 1915 1614 1958 meo

393 1983 500 2048 dones
527 1981 674 2048 nomine.
702 1984 882 2050 Praeterea
908 2004 1058 2048 summas
1080 1993 1095 2023 ⁸
1117 1981 1207 2048 illius
1234 1981 1456 2049 Reuerentiae
1486 1981 1614 2065 gratias

393 2072 508 2136 adhuc
524 2070 628 2137 semel
643 2091 727 2156 agas
742 2073 785 2138 de
800 2073 866 2136 hoc
881 2071 1043 2138 benefitio
1059 2069 1140 2136 mihi
1163 2071 1336 2156 praestito,
1354 2073 1447 2155 quod
1464 2069 1611 2154 priorem

392 2159 637 2226 confessarium
655 2159 738 2224 mihi
754 2159 940 2244 reliquerit:
958 2161 1084 2243 quade
1103 2181 1207 2226 causa
1226 2181 1309 2246 erga
1329 2159 1536 2228 Societatem
1552 2180 1610 2222 ve-

393 2258 497 2314 stram
518 2247 601 2314 satis
624 2259 722 2334 grata
744 2271 819 2316 esse
840 2270 908 2314 non
932 2261 1050 2333 potero
1073 2249 1193 2314 diebus
1214 2248 1371 2314 omnibus
1390 2247 1484 2315 vitae
1503 2267 1608 2314 meae.

393 2336 487 2403 Illius
502 2337 727 2403 Reuerentiae
743 2337 936 2403 memoriam
954 2347 1047 2405 certo
1061 2337 1291 2422 quotidianam
1305 2338 1436 2402 habebo
1452 2337 1489 2400 in
1505 2335 1610 2420 preci-

392 2427 459 2491 bus
478 2425 578 2506 meis,
602 2435 776 2510 praeterea
795 2425 985 2510 specialiter
1008 2447 1070 2511 pro
1090 2426 1147 2492 illa
1169 2425 1303 2493 recitari
1324 2427 1448 2493 curabo
1472 2424 1608 2510 triginta

392 2515 511 2580 missas
528 2515 570 2580 ad
586 2514 729 2599 gratiam
750 2515 815 2582 Dei
835 2516 1124 2598 consequendam,
1144 2528 1181 2580 vt
1201 2516 1342 2601 longum
1364 2517 1430 2580 hoc
1449 2513 1517 2579 iter
1537 2512 1607 2580 feli·

391 2602 465 2668 cius
481 2602 553 2686 ipse
569 2605 740 2670 conficere
755 2603 875 2688 possit,
894 2615 929 2670 et
944 2613 1013 2671 tres
1029 2604 1168 2689 insuper
1184 2603 1478 2690 peregrinationes
1493 2621 1554 2688 pro
1569 2621 1607 2668 eo

390 2692 464 2776 ipso
479 2691 552 2757 fieri
568 2693 706 2758 curabo.

456 2782 572 2865 Roges
582 2781 597 2822 b
607 2780 709 2846 etiam
726 2779 965 2847 Reuerentiam
981 2781 1054 2848 eius
1070 2791 1208 2866 propter
1230 2783 1342 2848 Deum
1364 2801 1438 2846 meo
1454 2777 1600 2856 nomine,

390 2867 480 2933 sicut
496 2889 562 2954 ego
583 2871 725 2936 eandem
747 2868 860 2952 rogari
877 2870 941 2933 feei
958 2891 1018 2954 per
1039 2871 1240 2955 magistrum
1262 2869 1376 2936 curiae
1397 2879 1550 2946 nostrae,
1568 2877 1601 2930 vt

390 2956 425 3021 in
440 2977 535 3036 casu,
554 2959 645 3042 quod
661 2979 756 3024 soror
774 2961 950 3043 Magareta
972 2959 1210 3026 Reuerentiam
1234 2957 1308 3025 eius
1330 2969 1458 3038 oraret,
1477 2957 1601 3022 sinatur

391 3055 428 3111 ut
443 3045 516 3130 ipsa
533 3067 665 3112 mecum
682 3067 785 3130 agere
801 3045 951 3132 benigne
966 3048 1009 3113 de
1026 3049 1188 3113 mutando
1210 3047 1417 3112 confessario
1433 3067 1521 3124 meo,
1540 3045 1600 3110 Re-

389 3134 543 3200 uerentia
559 3134 633 3202 eius
649 3135 682 3200 in
699 3137 765 3201 hoc
781 3146 874 3200 nonc
889 3135 1089 3203 consentiat.
1105 3138 1192 3202 Nam
1205 3135 1286 3201 hinc
1302 3136 1409 3214 lieret,
1424 3147 1460 3199 vt
1475 3143 1599 3220 pertur-

389 3223 547 3288 baremur
564 3224 740 3307 utrinque3
759 3235 936 3308 postquam
954 3224 1044 3290 enim
1062 3226 1166 3291 semel
1187 3245 1253 3308 ego
1273 3226 1363 3290 hanc
1379 3223 1512 3289 obtinui
1527 3242 1599 3306 gra·

388 3311 468 3377 tiam
485 3312 528 3376 ab
545 3312 619 3380 eius
635 3312 853 3392 Reuerentia,
872 3314 1024 3396 profecto
1041 3335 1151 3396 neque
1172 3334 1278 3392 soror,
1297 3333 1408 3396 neque
1428 3311 1598 3396 quisquam

387 3421 442 3466 me
457 3401 668 3486 permouebit
685 3402 728 3466 ad
744 3402 988 3466 confessarium
1005 3401 1109 3467 alium
1131 3401 1377 3486 accipiendum.
1397 3403 1524 3468 Verum
1541 3401 1597 3464 hoc

386 3488 510 3568 scribo,
534 3512 602 3556 non
623 3490 715 3575 quod
735 3499 884 3556 metuam
907 3511 977 3556 rem
1002 3489 1097 3556 aliter
1117 3489 1337 3557 ordinandam
1359 3511 1451 3577 esse,
1469 3486 1597 3555 minime

420 3625 584 3641 *ma—J

437 3703 453 3736 ⁸
481 3692 676 3748 Emendatum
701 3711 717 3747 a
740 3692 858 3749 Cauisio
880 3711 918 3749 ex
941 3697 1158 3750 summam-b
1177 3695 1369 3750 Emendatum
1391 3711 1409 3748 u
1430 3693 1547 3749 Canisio
1562 3706 1594 3745 ex

380 3783 486 3851 pree...
500 3781 604 3851 til-0
619 3779 813 3837 Emendatum
826 3799 843 3836 a
856 3781 974 3838 Canisio
987 3801 1023 3838 ex
1043 3803 1088 3838 ne.

386 3897 583 3906 ..φ-...φῇ

437 3952 444 3982 ¹
483 3952 527 4007 Ex
541 3952 678 4007 versione
691 3953 860 4025 archetypa,
875 3955 911 4008 B.
931 3953 1011 4008 Petri
1024 3953 1136 4010 Canisii
1149 3928 1236 4010 mairu
1249 3963 1377 4024 exarata,
1391 3954 1420 4010 in
1435 3955 1527 4027 Epist.
1540 3951 1594 4007 Να-

382 4041 451 4110 tal.,
465 4041 505 4110 11,
523 4039 610 4096 unico
628 4040 691 4108 iol,
712 4041 762 4111 193
775 4045 864 4112 (147).
887 4041 934 4097 Ad
952 4045 1061 4098 calcem
1079 4043 1166 4115 hujus
1184 4043 1375 4114 monumenti,
1394 4047 1466 4100 haec
1483 4043 1593 4099 habetur

381 4129 543 4201 inscriptio,
558 4129 653 4184 Patris
667 4131 770 4201 Boer0,
784 4131 815 4186 ni
829 4131 966 4202 fallimur,
981 4149 1066 4186 mann
1077 4132 1146 4187 stilo
1159 4133 1274 4205 lapideo
1291 4133 1399 4190 addita:
1414 4135 1441 4188 Il
1457 4135 1592 4189 carattere

379 4217 486 4272 &tutto
499 4219 547 4273 del
562 4219 599 4272 P.
616 4217 829 4275 Canium-Si
840 4221 996 4276 ν’ἰεσοηίνὶ.
1016 4220 1092 4276 Vide
1110 4222 1198 4294 epist.
1216 4234 1280 4292 447,
1298 4241 1326 4278 n.
1349 4236 1374 4292 1,
1394 4223 1443 4277 ubi
1461 4223 1493 4277 P.
1512 4217 1593 4274 Nadal

380 4306 468 4378 hujus
480 4308 664 4362 monumenti
677 4308 856 4364 mentionem
874 4308 955 4377 facit3
975 4317 1005 4364 et
1023 4327 1093 4382 pag.
1115 4323 1161 4382 7o;
1180 4320 1211 4366 et
1232 4325 1296 4368 120.
1318 4313 1452 4384 Quanam
1469 4312 1515 4367 die
1531 4311 1593 4364 haec

379 4395 506 4467 epistola
518 4395 586 4450 data
599 4395 700 4466 fuerit,
713 4414 771 4452 non
784 4405 909 4452 constat.
925 4399 968 4452 Ex
983 4397 1019 4453 iis
1032 4407 1142 4463 autem,
1153 4417 1228 4472 quae
1242 4401 1354 4456 Natalis
1368 4401 1396 4456 in
1410 4401 1592 4473 epistolam»

378 4501 413 4538 n.
433 4497 459 4555 1,
473 4485 602 4556 scripsit,
616 4503 718 4540 mense
731 4483 861 4543 Octobre
874 4487 943 4541 anni
958 4487 1026 4555 1566
1040 4487 1118 4542 illam
1132 4488 1229 4543 datam
1242 4489 1336 4546 fuisse
1349 4489 1412 4545 erui
1426 4491 1545 4546 videtur.

431 4575 442 4605 ²
481 4572 578 4628 Prima
590 4590 715 4645 persona
728 4574 775 4628 hic
789 4582 910 4630 vocatur
923 4574 1025 4646 regina
1039 4575 1212 4647 Magdalena
1228 4575 1266 4632 de
1285 4578 1414 4650 Austris,
1428 4578 1486 4634 filia
1503 4571 1586 4632 Ferdi·

379 4659 468 4715 naudi
481 4661 505 4732 1,
521 4661 717 4734 imperatoris
