3384 5382
419 508 474 575 ⁶04
522 553 528 566 ,
807 505 912 561 Eersn.
932 506 966 561 P.
986 505 1191 576 Nauia-523

379 659 426 726 Se
442 656 629 744 realmente
644 651 670 721 li
685 655 808 724 medici
823 655 970 724 direnno
983 659 1050 724 che
1072 679 1142 724 non
1162 661 1232 744 puri
1252 659 1377 726 andare
1398 679 1506 726 senza
1527 657 1608 743 peri·

378 771 456 839 colo
471 771 581 851 detto,
600 770 635 836 in
652 771 698 837 tal
713 792 794 838 caso
810 770 953 840 scriuesi
971 782 989 818 ⁸
1003 793 1071 841 una
1090 773 1213 842 lettera
1234 773 1266 842 al
1288 776 1327 840 P.
1347 771 1534 840 Francisco
1548 774 1609 840 So-

378 885 481 966 lierb,
500 885 788 971 viceprouinciale
804 885 841 952 in
856 886 1012 967 Polonia,
1030 889 1095 954 che
1112 909 1181 955 non
1193 910 1231 956 se
1243 889 1369 955 manda
1381 910 1444 974 per
1457 885 1605 974 giudicar

379 1002 403 1068 li
419 999 541 1068 medici
558 1002 623 1067 che
640 1021 710 1068 non
722 999 751 1068 si
765 1022 879 1087 possa,
894 1011 930 1070 et
940 1004 1006 1070 che
1018 1004 1155 1088 quando
1167 1003 1200 1069 la
1211 1003 1322 1070 sanita
1334 1003 1369 1069 lo
1380 1003 1602 1088 comportari,
1674 1007 1675 1036 ¹

380 1119 447 1184 che
463 1115 492 1184 si
509 1115 684 1184 mandari.
1394 1166 1398 1176 .

448 1249 479 1314 7.
529 1232 627 1298 Della
643 1231 823 1298 fundation
839 1229 874 1298 di
891 1233 1077 1318 Lugduno,
1096 1243 1132 1301 et
1147 1233 1181 1300 di
1198 1235 1349 1300 chiamar
1365 1233 1389 1299 il
1407 1235 1449 1301 Ρ.
1469 1231 1604 1300 Claudio

381 1347 535 1414 Matteo¹
557 1367 618 1432 per
642 1345 777 1431 Parigi,
801 1346 928 1433 meglio
950 1351 1049 1434 potre
1068 1346 1225 1434 giudicar
1245 1350 1289 1416 V.
1307 1351 1365 1428 R,
1383 1348 1524 1432 quando
1537 1351 1604 1412 sari

382 1461 555 1548 presente,
574 1471 609 1528 et
626 1461 756 1530 haueri
772 1461 852 1528 uisti
867 1461 891 1527 li
907 1461 1043 1549 bisogni
1060 1463 1094 1528 di
1110 1464 1223 1548 quella
1239 1463 1422 1550 prouintia.

450 1578 482 1644 8.
530 1578 596 1646 Del
617 1577 704 1643 libro
725 1578 780 1645 del
801 1580 843 1645 P.
867 1581 1003 1659 Τοπεε,
1026 1579 1083 1665 gia
1106 1577 1135 1644 si
1155 1579 1173 1646 ὲ
1193 1578 1311 1646 scritto
1327 1579 1393 1647 che
1414 1578 1446 1670 si
1464 1596 1602 1664 possano

381 1693 545 1760 emendat
560 1692 594 1760 le
610 1711 690 1758 cose
706 1694 772 1760 che
788 1713 978 1782 pereranno
994 1715 1015 1772 a
1032 1695 1074 1760 V.
1094 1695 1135 1760 R.
1154 1694 1180 1759 ⁸.

447 1818 480 1894 r).
529 1805 627 1874 Hieri
643 1817 745 1875 stette
758 1807 817 1892 qui
829 1809 919 1876 nella
930 1807 1071 1895 piazza⁸
1089 1807 1112 1872 il
1123 1807 1295 1876 cardinale
1307 1808 1472 1876 Farnesio
1483 1806 1599 1872 colsuo

383 1921 571 1988 architecto
587 1931 623 1988 et
638 1921 733 2010 molti
749 1922 897 2004 romani,
916 1932 951 1989 et
967 1921 999 1989 io
1015 1943 1141 1988 ancora
1156 1922 1202 1988 mi
1223 1921 1332 1989 trouai
1353 1943 1415 2008 per
1432 1920 1599 1988 rissoluere
1676 1923 1677 1986 ἔ

374 2033 402 2101 .1'
422 2034 539 2102 vltimo
554 2035 720 2122 dissegno
737 2017 825 2104 delle
841 2036 967 2105 chiesa.
988 2039 1032 2103 Et
1043 2037 1184 2104 intendo
1195 2039 1240 2103 ha
1253 2047 1465 2122 consegnato
1477 2043 1597 2122 quatuo

384 2149 464 2218 mila
479 2151 589 2230 scudi‚
609 2150 630 2217 ὁ
645 2151 716 2236 piu,
734 2173 795 2238 per
809 2151 1038 2238 principiarla.
1054 2151 1097 2218 Et
1110 2173 1174 2219 con
1188 2153 1295 2220 bauer
1306 2172 1407 2237 prese
1420 2149 1477 2218 noi
1490 2151 1520 2216 la
1531 2167 1598 2214 cesa

384 2266 466 2333 dell'
482 2266 618 2349 Altieri,
638 2268 836 2344 hauerenno
850 2278 864 2311 ⁰
879 2268 903 2333 il
918 2267 985 2335 sito
1000 2267 1058 2354 piu
1078 2268 1269 2334 commodo.
1289 2267 1331 2334 Ci
1346 2269 1391 2332 ha
1407 2283 1564 2333 concesso
1577 2262 1596 2326 il

383 2401 472 2468 papa
488 2381 599 2465 questi
612 2381 723 2468 giorni
736 2383 858 2452 alcune
869 2381 991 2470 gratie3
1006 2394 1042 2450 et
1053 2384 1104 2450 fra
1116 2383 1239 2468 quelle,
1255 2392 1344 2451 tutte
1359 2382 1385 2447 l'
1398 2376 1595 2465 indulgentie

382 2497 450 2564 che
465 2497 581 2562 hanno
596 2496 619 2560 li
635 2496 785 2582 religiosi
802 2497 1009 2565 mendicanti
1024 2509 1107 2581 etc.,
1125 2499 1191 2564 che
1207 2498 1225 2564 ὲ
1241 2474 1288 2565 vn
1305 2507 1419 2564 tesoro
1440 2493 1560 2583 grande
1572 2493 1592 2552 ⁸.

259 2655 262 2664 -
383 2612 420 2676 lo
435 2622 489 2676 sto
509 2611 636 2697 meglio
656 2611 745 2678 della
765 2613 934 2699 podagra,
953 2614 1085 2681 benche
1108 2633 1178 2680 non
1200 2612 1256 2678 dal
1278 2621 1369 2678 tutto
1393 2611 1509 2688 libero,
1525 2603 1593 2673 etei

382 2726 677 2792 raccomandiamo
694 2727 799 2794 molto
814 2727 870 2794 alli
892 2725 1048 2796 sacrificii
1069 2728 1104 2794 di
1121 2730 1164 2796 V.
1184 2729 1224 2795 R.
1244 2739 1279 2796 et
1299 2726 1347 2792 dil
1368 2729 1409 2794 P.
1429 2726 1590 2796 Ximenez.

381 2839 427 2906 Di
443 2842 562 2920 Roma,
581 2841 664 2907 aldi
686 2859 698 2908 1
718 2841 753 2908 di
768 2841 911 2930 Giugno
932 2844 1025 2927 1568.

436 3071 452 3106 a
480 3060 529 3116 Sic
547 3078 599 3133 pro
616 3062 813 3120 serenasse-¹³
822 3062 884 3132 Sic,
902 3079 954 3136 pro
972 3063 1085 3120 Sunier
1102 3061 1291 3136 (sonet-0
1304 3061 1363 3131 Sic,
1384 3078 1438 3134 pro
1454 3063 1589 3120 honrem,

378 3165 440 3221 Jam
453 3166 586 3205 avremo.

436 3357 444 3388 ¹
481 3353 552 3424 Ejus
565 3371 691 3428 examen
705 3353 774 3410 vide
787 3353 818 3410 in
836 3355 929 3426 Epist.
946 3355 1063 3420 Natul„
1078 3355 1118 3427 11,
1131 3355 1193 3426 546.
1208 3355 1242 3410 ln
1260 3355 1395 3427 catalogo
1411 3351 1526 3424 collegii
1541 3355 1588 3402 tur·

371 3443 534 3510 ¹nonensis,
550 3459 627 3498 anno
648 3443 716 3512 1566
733 3442 854 3516 scripto,
874 3445 947 3499 haec
968 3443 1006 3500 de
1029 3443 1155 3500 Claudio
1177 3443 1373 3516 reperiuntur:
1397 3443 1449 3498 «Ρ.
1470 3435 1589 3497 Claudius

381 3531 558 3602 Matthaeus,
575 3533 727 3602 ingressus
740 3547 817 3587 anno
832 3533 911 3603 1558,
924 3532 1024 3588 emisit
1043 3549 1102 3588 non
1121 3534 1213 3588 multo
1225 3539 1293 3605 post
1311 3540 1388 3588 vota:
1404 3539 1490 3586 natus
1500 3535 1541 3584 est
1551 3537 1591 3577 tn·

380 3635 434 3674 nos
452 3619 496 3674 28:
520 3628 566 3674 est
589 3619 709 3676 natione
730 3621 924 3692 lotharingus,
949 3629 1046 3678 rector
1063 3621 1184 3694 collegii
1203 3621 1401 3692 tomeriensis,
1422 3616 1589 3676 concionator

382 3707 536 3764 idoneus.»

433 3798 444 3830 ¹
483 3795 560 3850 Vide
573 3797 660 3869 epist.
677 3809 741 3868 521,
754 3814 783 3851 n.
799 3810 826 3852 2.

433 3885 445 3918 ⁸
482 3883 589 3940 Forum
603 3886 793 3941 Alteriorum.
808 3885 885 3941 Vide
898 3885 977 3942 illius
991 3886 1230 3959 ichnographiam
1244 3901 1262 3942 a
1274 3885 1411 3942 Bufalino
1420 3880 1587 3954 desonam.

379 3971 457 4047 apud
467 3971 593 4028 Tnccffl
603 3973 760 4038 vaurum,
777 3973 816 4029 Le
828 3991 894 4029 case
907 3975 1019 4030 coitate
1032 3975 1066 4030 in
1080 3975 1178 4029 Roma
1191 3975 1231 4028 da
1250 3973 1281 4030 S.
1301 3973 1428 4046 Ignozio
1443 3973 1478 4026 di
1494 3963 1587 4028 Loiolffr

379 4059 417 4116 ad
429 4062 541 4115 calcem
554 4060 633 4131 libri,
644 4069 722 4116 «tav.
738 4061 808 4116 IV».

433 4152 446 4186 ⁴
483 4147 559 4206 Vide
573 4151 661 4222 epist.
676 4162 741 4220 521,
754 4168 784 4208 n.
799 4149 826 4204 3.
