3384 5382
399 465 453 535 580
787 458 892 514 Errsr.
912 455 947 512 Ρ.
967 454 1171 523 Ninus-517

361 616 467 705 legio,
486 613 629 681 faccialo
645 612 681 678 in
696 613 801 678 buon'
820 613 916 676 hora.
935 608 1043 676 Molto
1058 605 1118 693 piu
1134 605 1228 672 aiuto
1243 603 1382 672 farebbe
1402 603 1469 669 alla
1489 602 1585 668 Com·

361 731 500 820 pagnia,
519 739 554 796 et
570 729 679 796 anche
695 729 727 794 al
745 727 814 796 ben
829 744 1023 803 commune,
1045 720 1103 788 ehi
1118 721 1268 788 aiutasse
1282 716 1491 803 liseminarij
1505 718 1584 784 della

361 844 576 932 Compagnia
597 866 617 910 o
638 844 691 913 de'
709 839 848 926 nouitij,
867 837 1011 907 lacendo
1034 859 1113 904 casa
1136 835 1171 902 di
1183 834 1394 923 probatione,
1420 853 1534 900 ouero
1552 831 1581 898 di

360 959 522 1040 scholari,
541 957 772 1027 aumentando
787 955 821 1024 la
836 953 1010 1022 dotatione
1025 953 1081 1020 del
1102 950 1247 1040 collegio
1270 949 1306 1016 di
1325 949 1494 1034 Louanio‚
1512 969 1582 1034 per·

360 1077 425 1145 che
441 1098 510 1143 non
526 1095 693 1140 mancano
709 1070 766 1139 alli
781 1069 900 1150 nostri,
920 1070 963 1135 ne
979 1088 1208 1135 mancaranno
1219 1066 1286 1133 mai
1298 1064 1421 1153 luoghi
1433 1066 1478 1131 da
1489 1085 1580 1150 spen-

361 1173 443 1261 dere
458 1192 505 1278 gl'
522 1187 665 1277 operarij
688 1187 745 1274 gii
766 1185 858 1269 fatti,
877 1207 932 1252 ma
955 1184 988 1250 la
1010 1183 1172 1250 disficolta
1199 1184 1219 1250 ὁ
1240 1182 1276 1248 di
1299 1184 1408 1250 bauer
1430 1182 1532 1246 modo
1552 1179 1581 1244 di

361 1308 436 1377 farli
452 1310 473 1372 ¹.
492 1308 536 1373 Et
552 1327 588 1372 se
605 1327 664 1390 per
676 1303 733 1370 uia
747 1303 804 1370 del
815 1301 904 1368 duca
915 1301 949 1366 d’
964 1301 1055 1367 Alba
1067 1301 1092 1382 ²,
1107 1320 1129 1365 o
1140 1319 1200 1384 per
1212 1298 1310 1378 altra,
1325 1297 1504 1385 sipotesse
1515 1295 1581 1360 aiu-

311 1441 317 1454 ·
361 1434 414 1490 tar
431 1424 526 1488 detto
542 1418 689 1506 collegio
705 1417 740 1486 di
760 1416 927 1497 Louanio,
950 1427 986 1482 et
1006 1437 1076 1483 una
1095 1437 1175 1482 casa
1194 1415 1229 1481 di
1250 1413 1470 1501 probatione,
1488 1413 1581 1478 molto

360 1536 467 1605 buon’
495 1557 599 1622 opera
634 1545 669 1601 et
699 1533 783 1601 utile
814 1533 879 1600 alla
911 1530 1089 1617 prouincia
1124 1531 1202 1598 dell'
1231 1529 1372 1597 inferior
1406 1525 1580 1598 Germania

360 1652 518 1720 sarebbe.

429 1787 460 1852 3.
509 1765 545 1836 S'
562 1769 581 1833 ὲ
598 1765 689 1832 uisto
704 1785 772 1850 qua
784 1763 899 1848 quello
915 1762 1034 1830 scritto
1046 1771 1223 1849 composto
1235 1784 1297 1849 per
1309 1763 1501 1830 Benedetto
1512 1763 1577 1828 Mo-

360 1883 444 1968 rej0,
462 1892 498 1951 et
514 1903 583 1948 non
597 1903 660 1967 par
676 1880 776 1960 male,
795 1878 872 1946 anzi
888 1878 991 1960 bene;
1010 1888 1045 1947 et
1061 1877 1119 1965 gii
1134 1879 1198 1944 che
1213 1899 1283 1944 non
1297 1878 1318 1946 ὲ
1334 1878 1368 1943 d'
1388 1880 1515 1944 huomo
1528 1877 1574 1943 dc’

359 1996 480 2077 nostri,
500 2007 595 2064 tanto
611 2016 734 2062 manco
750 1994 867 2082 obligo
883 1993 1065 2061 habbiamo
1080 1995 1114 2060 d'
1133 1993 1275 2080 impedit
1289 1996 1354 2060 che
1369 1991 1423 2060 sia
1434 1992 1576 2080 publica·

359 2125 406 2179 to.
426 2114 469 2179 V.
489 2114 530 2179 R.
550 2111 658 2177 faccia
680 2111 771 2178 nella
792 2109 1032 2178 distributione
1052 2109 1133 2180 delli
1152 2107 1229 2176 libri
1251 2108 1305 2176 cio
1324 2111 1392 2176 che
1412 2109 1436 2174 li
1457 2110 1573 2195 pareri.

361 2231 407 2298 Se
425 2227 595 2294 scriuesse
611 2237 731 2293 contra
746 2225 892 2310 qualche
911 2225 1074 2306 heretico,
1092 2247 1162 2293 non
1181 2226 1350 2312 responda
1369 2245 1517 2292 nessuno
1530 2218 1576 2289 de'

361 2343 481 2423 nostri,
502 2363 605 2410 senza
621 2344 676 2408 clr'
694 2341 728 2407 io
744 2340 778 2406 lo
794 2340 902 2428 sappi;
920 2351 1008 2408 etse
1025 2340 1160 2408 intorno
1175 2364 1196 2409 a
1211 2350 1334 2426 questo
1348 2339 1523 2408 occorreri
1533 2337 1576 2404 dir

359 2461 446 2525 altra
462 2479 556 2539 cosa,
577 2455 767 2524 uedendolo
782 2455 920 2542 meglio,
939 2456 967 2522 si
984 2459 1066 2523 dari
1082 2455 1213 2523 auuiso

425 2592 459 2656 4.
507 2573 608 2643 Circa
624 2571 647 2636 il
663 2571 809 2658 collegio
824 2570 859 2636 di
875 2571 1020 2658 Liegge,
1034 2593 1106 2638 non
1121 2571 1210 2638 uedo
1226 2591 1307 2638 cosa
1320 2572 1444 2654 ferma,
1456 2569 1573 2638 bencbi

358 2689 402 2754 da
418 2688 531 2755 alcuni
548 2687 629 2754 anni
650 2687 684 2752 in
701 2708 769 2772 qua
789 2685 818 2753 si
839 2686 888 2754 sia
908 2685 996 2754 assai
1018 2685 1197 2774 regionato
1216 2709 1277 2774 per
1296 2687 1320 2752 il
1336 2708 1486 2755 vescouo
1498 2688 1520 2752 ⁸.
1536 2687 1572 2751 Et

356 2803 466 2890 prima
481 2801 648 2871 conuiene
660 2821 753 2871 esser
768 2803 802 2867 d'
817 2803 961 2869 accordo
973 2823 1038 2870 con
1050 2801 1099 2869 lui
1112 2801 1202 2869 circa
1213 2803 1246 2869 la
1257 2823 1338 2870 casa
1349 2812 1385 2869 et
1397 2799 1569 2878 dotatione,

356 2929 391 2985 et
403 2918 434 2984 le
446 2939 525 2984 cose
537 2939 650 2986 ouero
662 2916 794 3005 oblighi
805 2921 869 2983 che
881 2917 1021 3000 ricerca,
1036 2921 1100 2985 che
1113 2917 1141 2986 si
1154 2917 1210 2986 dia
1216 2917 1386 3004 principio
1399 2940 1420 2985 a
1432 2917 1569 3010 schoole

356 3043 391 3101 et
407 3034 516 3100 anche
531 3035 596 3102 che
623 3033 651 3100 si
679 3032 823 3100 fabrichi
850 3051 948 3098 come
974 3054 1055 3100 cosa
1074 3044 1205 3100 nostra.
1224 3035 1269 3100 Et
1283 3034 1330 3100 in·
1346 3049 1471 3121 questo
1490 3053 1573 3100 mezo

354 3169 424 3215 non
451 3147 497 3213 mi
524 3171 605 3234 pare
621 3148 649 3215 si
666 3147 827 3214 mondino
843 3147 875 3213 ld
892 3147 1006 3214 alcuni
1023 3148 1057 3215 di
1080 3148 1187 3217 nostri
1203 3171 1265 3236 per
1288 3161 1358 3218 star
1374 3151 1486 3232 fermi,
1499 3151 1573 3218 ben-

355 3265 420 3329 che
436 3262 464 3328 si
480 3263 640 3330 mendino
654 3261 767 3329 alcuni
779 3285 840 3348 per
852 3263 954 3329 modo
966 3261 1000 3329 di
1015 3263 1174 3333 missione
1186 3265 1231 3330 ad
1244 3271 1386 3352 tempus.
1405 3269 1449 3334 Et
1459 3275 1574 3351 quanto

355 3379 387 3444 al
405 3381 444 3445 P.
460 3378 612 3445 Henrico
625 3379 650 3459 ⁴,
665 3399 734 3444 non
746 3376 793 3442 mi
804 3399 887 3464 pare
904 3399 963 3464 per
976 3381 1023 3444 tal
1035 3391 1138 3448 conto
1151 3379 1291 3448 doneria
1306 3381 1431 3449 lasciar
1443 3381 1477 3447 di
1488 3401 1573 3446 man·

356 3492 446 3560 darsi
463 3493 498 3558 in
517 3493 649 3574 Prusia,
668 3494 759 3561 doue
775 3492 803 3559 si
819 3514 902 3579 apre
918 3515 1004 3580 gran
1021 3506 1119 3580 porta
1138 3495 1205 3564 alla
1225 3496 1421 3566 reduttione
1441 3497 1475 3563 di
1490 3491 1572 3562 molti

354 3607 496 3676 heretici
509 3619 543 3676 et
556 3608 591 3673 di
603 3608 749 3693 qualche
760 3607 844 3675 citta
855 3607 890 3675 di
903 3609 1124 3696 importanza,
1139 3633 1237 3680 corne
1249 3611 1330 3680 forsi
1342 3613 1382 3682 V.
1399 3616 1443 3680 R.
1456 3608 1572 3679 doueri

354 3744 448 3791 esser
464 3723 692 3805 informarat,
710 3746 733 3809 y
749 3729 823 3790 esta
837 3725 1043 3810 prometido,
1061 3749 1084 3812 y
1100 3749 1145 3794 no
1160 3749 1197 3794 se
1212 3729 1301 3796 deue
1317 3730 1430 3796 faltar.
1448 3723 1572 3796 Circail

353 3837 440 3904 libro
457 3840 512 3907 del
527 3839 641 3905 dottor
658 3840 784 3908 Torres
798 3841 823 3920 ⁵,
837 3838 885 3905 lui
901 3839 929 3906 si
946 3851 1108 3908 contenta
1123 3845 1186 3909 che
1202 3846 1246 3911 V.
1265 3845 1307 3912 R.
1322 3845 1356 3911 lo
1371 3838 1570 3912 accommodi

407 4051 422 4083 ⁸
450 4039 467 4093 8
483 4043 573 4095 verba
586 4058 672 4113 seqq.
690 4040 805 4114 propria
818 4060 906 4098 manu
920 4043 1033 4100 addidit
1046 4044 1165 4116 Borgia.

408 4222 416 4253 ¹
456 4217 531 4273 Vide
545 4217 633 4290 epist.
648 4231 713 4290 497,
727 4237 757 4274 n.
772 4235 798 4289 4.

403 4311 414 4342 ¹
453 4307 655 4363 Ferdinandus
669 4308 796 4363 Alvarez
809 4308 846 4364 de
859 4309 982 4365 Toledo.
998 4311 1094 4392 Deeo
1109 4310 1177 4368 vide
1189 4313 1275 4386 epist.
1290 4327 1354 4385 497,
1368 4333 1397 4372 n.
1412 4332 1439 4386 9.

402 4397 414 4430 ⁸
451 4395 614 4468 Episcopus
627 4396 788 4452 leodiensis
802 4406 864 4452 erat
879 4398 1028 4454 Gerardus
1042 4417 1099 4455 van
1113 4400 1300 4458 Groesbeck.

402 4487 413 4518 ⁴
451 4484 622 4555 Dionysius.
637 4485 714 4541 Vide
728 4485 815 4559 epist.
831 4486 895 4558 508,
908 4505 937 4542 n.
952 4486 980 4556 3;
995 4501 1057 4560 509,
1073 4507 1101 4544 n.
1116 4502 1144 4559 73
1159 4497 1189 4545 et
1203 4503 1266 4562 515,
1280 4509 1310 4548 n.
1325 4505 1352 4563 5.

401 4575 412 4608 ⁵
450 4571 623 4630 Franciscus
636 4574 673 4629 de
686 4575 805 4644 Torres,
819 4575 890 4632 alias
907 4577 1068 4634 Turrianus
1085 4577 1191 4636 dictus.
1214 4579 1290 4638 Vide
1308 4581 1395 4654 epist.
1414 4593 1475 4651 510,
1493 4597 1519 4635 n.
1536 4589 1558 4645 73

346 4669 378 4717 et
391 4673 454 4733 512,
471 4679 500 4716 n.
516 4673 543 4729 5.
663 4666 668 4673 ’
