3318 5376
513 508 546 564 19
564 493 729 553 Ocrosms
750 495 821 564 1566
1193 503 1242 556 zor

59 647 272 732 siallongaua
290 645 314 711 il
331 646 465 713 camino
489 655 577 714 sette
599 646 644 711 od
668 655 741 712 otto
765 646 882 734 miglie
905 671 927 715 0
951 647 1021 735 piri.
1042 651 1091 718 La
1114 671 1218 719 causa
1243 653 1280 722 iu

60 763 168 848 perche
182 763 205 825 l'
223 761 314 828 altra
329 761 471 828 strada·
486 782 556 828 non
571 763 591 827 e
607 760 778 828 ordinaria
799 772 906 844 tant0,
926 773 960 833 et
980 765 999 831 ὲ
1021 765 1126 832 molto
1147 766 1279 852 perico-

62 881 119 944 losa
133 877 165 942 in
180 876 265 962 ogni
285 886 411 963 tempo,
429 887 465 944 et
480 877 585 943 molto
599 875 659 962 piir
675 875 711 942 in
732 888 848 965 tempo
863 878 898 944 di
919 901 1045 965 guerra
1060 903 1067 962 ;
1086 891 1121 948 et
1137 880 1172 947 in
1190 902 1277 948 uero

61 991 98 1057 mi
111 1013 215 1058 mosse
231 991 296 1078 piis
311 992 334 1057 il
346 1014 417 1058 non
429 1002 571 1061 mettere
583 990 619 1058 in
630 991 781 1078 pericolo
797 992 821 1058 il
839 996 877 1062 P.
891 996 1058 1078 Lorenzo,
1072 998 1136 1064 che
1148 996 1275 1063 uenlua

61 1128 113 1172 con
127 1128 232 1174 meco.
253 1108 454 1174 Andammo
469 1107 605 1191 donque
620 1130 682 1194 per
697 1107 862 1175 Possonio
879 1110 922 1176 ad
934 1109 1127 1190 Olomuci0,
1142 1121 1176 1178 et
1192 1111 1275 1180 ben·

60 1224 111 1288 che
126 1235 353 1289 truouauamo
369 1221 466 1288 molti
481 1221 603 1288 soldati
618 1224 682 1289 che
697 1224 877 1290 andauano
892 1224 958 1290 alla
973 1245 1109 1310 guerra,
1125 1225 1231 1292 niuno
1243 1225 1274 1292 ci

62 1339 119 1404 t'ece
132 1337 338 1423 dispiacere‚
361 1339 406 1404 ne
429 1339 466 1403 fu
488 1339 573 1404 altro
593 1339 657 1404 che
679 1337 791 1422 quella
812 1337 977 1405 minaccia
996 1340 1101 1407 detta.
1122 1340 1272 1408 Truouai

60 1455 142 1518 lltro.
160 1453 375 1520 Alessandro
390 1453 498 1520 Heler
511 1454 533 1532 ¹,
553 1464 588 1521 et
604 1455 706 1520 Mtro.
726 1453 866 1521 Stefano
883 1453 1061 1522 Remelio'
1078 1478 1086 1520 :
1104 1453 1127 1519 il
1148 1455 1270 1541 prim0,

61 1567 191 1652 superior
207 1569 302 1636 della
317 1589 397 1634 casa
412 1577 448 1633 et
463 1565 660 1648 seminari0,
678 1576 713 1633 et
728 1567 951 1652 predicatore,
970 1578 1004 1636 et
1019 1569 1140 1638 lettore
1152 1569 1186 1636 di
1202 1572 1270 1638 due

61 1681 177 1748 lettione
191 1682 226 1747 di
243 1681 472 1769 grammatica
486 1699 521 1749 et
536 1681 571 1746 di
593 1681 792 1749 humanitd:
811 1683 835 1746 l'
852 1683 938 1749 altro
958 1684 1168 1770 predicatore
1192 1707 1211 1753 a
1236 1688 1269 1752 la

61 1795 214 1863 domenica
229 1809 267 1866 et
280 1800 368 1864 feste
379 1808 416 1863 et
427 1797 580 1877 uenerdi,
594 1799 659 1864 che
670 1797 699 1863 si
712 1795 847 1882 predica
860 1819 920 1883 per
931 1797 1069 1864 indurre
1080 1821 1100 1864 a
1113 1801 1175 1866 far’
1189 1820 1266 1867 ora-

62 1911 134 1978 tione
147 1925 267 1979 contra
283 1913 411 1993 turchi,
428 1922 463 1980 et
478 1913 599 1980 lettore
611 1932 736 1978 ancora
747 1911 782 1976 di
793 1912 861 1980 due
877 1912 1010 1979 lettioni
1026 1913 1138 1979 simili.
1155 1915 1266 1981 Truo-

64 2027 106 2090 nai
127 2028 221 2095 etiam
250 2031 308 2095 ch'
334 2051 394 2095 era
420 2039 549 2096 uenuto
575 2026 676 2112 pochi
702 2026 812 2113 giorni
840 2028 958 2094 auanti
983 2027 1007 2093 il
1033 2030 1094 2094 Dr.
1125 2030 1266 2097 Andrea

62 2140 159 2208 boemo
173 2144 185 2176 ⁵
200 2165 268 2210 con
286 2167 335 2210 un
351 2145 496 2223 fratello,
514 2141 687 2210 Giovanni
707 2140 885 2209 Abstemio
901 2143 926 2220 ⁴,
945 2144 1113 2228 unghero,
1132 2143 1155 2208 li
1171 2145 1262 2227 quali

62 2277 143 2346 erano
157 2259 275 2324 uenuti
292 2280 355 2345 per
370 2259 497 2326 andare
512 2279 532 2324 a
548 2260 580 2325 la
596 2279 721 2344 guerra
736 2277 801 2322 con
817 2257 840 2322 l’
858 2257 1020 2324 essercito
1041 2257 1075 2323 di
1092 2258 1258 2341 Morauia;

63 2373 242 2442 ethanendo
259 2373 284 2440 il
300 2375 476 2441 vescouo⁵
492 2373 652 2438 mandato
675 2375 733 2436 un’
751 2372 837 2437 altro
857 2370 1084 2458 predicatore,
1102 2371 1130 2438 si
1152 2382 1261 2440 resto-

64 2506 126 2551 rono
139 2487 170 2555 in
186 2489 366 2556 Olomutio
386 2489 410 2554 li
430 2487 549 2570 nostri,
567 2497 603 2558 et
622 2487 645 2553 il
667 2488 707 2554 P.
728 2487 866 2554 Andrea
887 2508 956 2552 non
979 2497 1078 2554 staua
1094 2499 1260 2573 occupato

66 2600 225 2673 innissuna
240 2627 324 2672 cosa
340 2629 348 2671 :
365 2606 439 2671 solo
453 2607 587 2671 haueua
610 2602 783 2691 predicato
804 2602 926 2669 alcuna
949 2602 1041 2669 uolta
1065 2601 1100 2669 in
1124 2604 1257 2669 boemo.

64 2716 187 2786 Stauano
203 2721 286 2787 tutti
302 2721 338 2788 in
355 2741 423 2786 una
439 2741 528 2799 casa,
542 2719 566 2784 li
582 2717 700 2800 nostri,
714 2730 749 2785 et
765 2719 787 2784 6
802 2739 823 2784 0
840 2735 859 2800 7
877 2718 932 2783 del
947 2715 1144 2785 seminario:
1163 2740 1261 2785 man-

68 2832 186 2914 giauano
200 2836 346 2904 insieme
361 2835 460 2915 tutti,
479 2845 512 2900 et
532 2855 636 2901 erano
650 2832 769 2902 seruiti
784 2834 828 2900 da
843 2831 1004 2912 seculari,
1026 2842 1062 2898 et
1081 2833 1202 2899 dentro
1224 2833 1260 2899 di

68 2965 126 3014 msa
145 2952 324 3019 haueuano
353 2973 421 3016 una
448 2950 561 3016 scola:
591 2949 635 3015 nd
657 2950 837 3016 haueuano
860 2947 1045 3034 portinaro,
1070 2949 1114 3014 ne
1140 2947 1258 3016 ordine

67 3064 138 3143 quasi
150 3065 290 3133 nissuno
308 3067 397 3134 della
414 3063 637 3151 Compagnia.
656 3065 751 3129 Haec
760 3064 875 3151 facies
890 3083 1020 3143 rerum,
1037 3073 1102 3130 etc.
1123 3063 1171 3130 Mi
1186 3062 1257 3128 aiu-

68 3187 125 3244 taua
137 3201 153 3244 a
166 3182 187 3246 l'
204 3181 425 3248 inclinatione
441 3179 525 3259 mia,
544 3181 606 3244 che
632 3181 767 3246 haueuo
784 3187 972 3263 conceputa
991 3177 1107 3244 auanti
1131 3177 1165 3242 di
1186 3198 1255 3244 non

65 3289 183 3364 riceuere
195 3299 275 3382 quel
286 3294 445 3382 collegio,
459 3295 591 3361 benche
602 3291 703 3378 dopoi
715 3294 769 3359 ch’
785 3291 818 3357 io
830 3291 925 3376 seppi
937 3292 1001 3358 che
1012 3291 1035 3356 l'
1051 3291 1254 3376 imperatore

67 3405 168 3476 haneua
182 3413 299 3478 scritto
315 3413 347 3477 al
363 3433 465 3496 papa,
484 3418 520 3478 et
535 3412 598 3476 che
619 3400 656 3476 S.
675 3409 744 3476 8.ἰὴ
761 3409 895 3472 haueua
916 3406 1044 3490 parlato
1066 3404 1110 3473 de
1134 3417 1255 3490 questo

66 3525 191 3606 negocio,
207 3549 373 3613 pensau0,
391 3529 455 3593 che
471 3526 625 3592 almanco
644 3525 836 3592 haueuamo
851 3522 894 3586 da
910 3519 1055 3587 ritenere
1070 3519 1174 3605 quelli
1191 3521 1254 3586 che

68 3659 240 3680 Q*—

105 3737 118 3768 Ι
142 3731 327 3788 Emendatum
340 3749 358 3786 a
369 3731 440 3787 libr.
457 3747 495 3784 ex
508 3731 540 3783 la
552 3729 672 3783 strada.

71 3833 242 3854 ¹5²——

108 3897 113 3926 ¹
142 3895 171 3950 ln
185 3900 316 3970 catalogo
332 3894 452 3965 collegii
467 3894 638 3950 viennensis
655 3891 724 3948 anni
743 3891 812 3961 1560
827 3897 998 3945 recensetur
1016 3887 1067 3942 «P.
1085 3886 1254 3942 Alexander

71 3976 152 4054 Heller,
162 3988 316 4044 austriacas
326 3985 475 4058 professor
483 3984 649 4056 physices».
661 3984 748 4038 Anno
760 3988 858 4036 autem
874 3979 942 4048 1566
952 3975 1132 4035 Olomutium
1146 3975 1253 4032 missus

68 4063 147 4125 dicitur
156 4075 182 4129 in
193 4076 323 4147 ejusdem
334 4073 454 4144 collegii
470 4072 617 4142 catalogo.

106 4163 114 4191 ⁵
142 4161 202 4233 Ejus
212 4181 334 4220 examen
347 4163 416 4218 vide
429 4163 460 4218 in
472 4161 570 4234 Epist.
584 4159 702 4231 Natal„
715 4159 752 4226 II,
768 4159 832 4227 584.
855 4159 889 4212 In
906 4157 1041 4225 catalogo
1057 4151 1176 4224 collegii
1194 4153 1252 4208 olo·

70 4250 180 4306 numnis
188 4255 253 4309 anni
267 4255 335 4322 1567
348 4250 493 4324 reperitur
505 4251 601 4306 officio
613 4251 740 4320 fungens
752 4247 893 4320 praefecti
906 4245 1079 4302 studiorum.

104 4335 114 4366 ³
141 4339 257 4398 Andreas
270 4341 444 4414 Piessynus,
457 4339 541 4412 cujus
553 4353 677 4393 examen
690 4345 736 4391 est
749 4335 823 4392 ibid.
841 4335 882 4406 ΙΙ,
891 4333 957 4405 538.
971 4335 1005 4388 In
1018 4332 1152 4402 catalogo
1162 4330 1250 4385 semi·

70 4421 121 4474 sstn'l
135 4427 324 4496 olomucensis,
347 4425 604 4498 anni¹1566·1567
622 4431 668 4480 est
685 4421 851 4495 praefectus
865 4439 918 4476 seu
930 4437 1052 4490 regens.
1069 4419 1104 4472 In
1116 4418 1252 4488 catalogo

71 4515 141 4566 mm
149 4516 207 4572 anni
220 4518 287 4588 1568
299 4519 376 4573 inter
389 4515 523 4572 dimissos
537 4531 553 4569 e
567 4511 716 4570 societate
728 4517 911 4566 recensetur.

109 4599 117 4631 ⁸
143 4603 202 4674 Ejus
213 4625 336 4662 examen
348 4605 417 4661 vide
430 4605 460 4662 in
473 4605 571 4677 Epist.
584 4603 693 4659 Natal.
700 4641 708 4667 ,
721 4601 761 4669 11,
775 4611 842 4670 559.

109 4688 118 4718 ⁵
145 4691 305 4753 Gnilielmus
318 4695 555 4767 Prussinowsky.
