3494 5392
534 517 725 574 Pnoosmuu
745 531 850 574 rsnru
868 529 1041 576 vocuuuus
1301 531 1366 575 xxv

150 677 218 732 tur.
238 667 323 734 Hos
345 679 402 735 ret
417 668 505 736 alios
525 669 561 735 id
583 691 694 756 genus
715 689 842 736 naevos
858 669 894 736 in
915 670 973 737 tali
994 673 1096 740 Patre
1115 672 1398 740 dissimulandos»

145 791 323 858 censebat
346 791 523 873 Canisius,
548 792 763 862 Mercuriano
785 794 828 860 26
843 793 938 882 Junii
963 811 1045 879 1575
1071 795 1237 864 scribens.
1261 799 1399 866 Mercu-

149 917 270 982 n'anus
293 916 385 984 item
406 918 570 998 Hoffae0,
588 917 782 1004 provinciae
795 919 1012 999 moderatori,
1029 920 1088 1006 qui
1105 931 1197 990 certe
1209 933 1244 988 et
1260 921 1400 988 Canisio

148 1051 183 1106 et
209 1040 291 1108 aliis
314 1043 477 1130 egregiis
497 1043 580 1110 viris
604 1042 705 1110 nimis
725 1065 808 1130 erga
828 1044 978 1130 seipsum
999 1055 1034 1114 et
1055 1067 1138 1134 erga
1158 1045 1243 1114 alios
1267 1045 1400 1133 rigidus

148 1165 358 1249 videbatur,
377 1170 465 1236 haec
480 1166 570 1235 inter
585 1167 650 1235 alia
665 1168 708 1236 de
721 1169 835 1235 Natali
847 1169 993 1256 scripsit:
1015 1172 1166 1238 «Omnes
1178 1193 1261 1238 uero
1278 1172 1400 1238 fratres

149 1303 304 1373 nostr03,
320 1314 391 1378 pro
402 1314 467 1359 sua
477 1293 513 1358 in
526 1293 756 1362 uenerandam
773 1293 864 1359 illam
877 1294 1036 1364 canitiem
1052 1294 1280 1376 obseruantia,
1296 1294 1397 1380 aequi

147 1415 304 1501 bonique
322 1419 549 1484 consulturos
569 1417 682 1504 siquid
702 1418 874 1495 interdum
889 1421 991 1506 paulo
1007 1420 1146 1490 liberius
1168 1422 1211 1487 ab
1232 1420 1306 1506 ipso
1322 1419 1396 1489 fieri

147 1541 411 1626 perspexerint.
426 1544 497 1610 T.¹²¹
507 1545 578 1610 ΚΡ
589 1541 712 1608 iterum
725 1552 828 1630 atque
840 1544 964 1612 iterum
974 1547 1110 1631 postulo
1122 1547 1252 1612 bonum
1264 1567 1393 1625 senem,

148 1665 278 1748 quibus
291 1666 439 1751 poterit,
457 1666 579 1734 studiis
591 1667 779 1754 officiisque
795 1669 954 1753 prosequi
970 1690 1038 1735 non
1051 1669 1277 1756 fatigetur...»
1293 1672 1393 1756 (824).

216 1791 400 1871 Tandem,
419 1792 556 1877 expleto
566 1792 638 1876 jam
654 1791 741 1859 libro
761 1791 1021 1860 meditationum
1045 1793 1135 1862 vitae
1158 1794 1286 1862 Christi
1307 1793 1394 1861 ima-

154 1912 299 1998 ginibus
317 1927 503 1996 exornato,
521 1917 711 1984 emendatis
727 1915 878 2001 scholiis,
892 1917 1175 1984 instructionibus
1187 1930 1222 1987 et
1234 1918 1395 1985 observa·

159 2037 313 2106 tionibus
341 2038 590 2125 spiritualibus,
616 2041 737 2108 aetatis
761 2063 851 2108 anno
874 2041 1140 2128 septuagesimo,
1166 2041 1340 2108 laboribus
1362 2053 1398 2109 et

154 2163 442 2248 aegritudinibus
457 2165 666 2246 debilitatus
685 2165 891 2234 Germaniae
912 2166 1040 2252 frigora
1059 2166 1189 2248 timere,
1207 2176 1242 2234 et
1262 2166 1395 2234 caelum

157 2287 272 2355 ltaliae
288 2287 452 2374 cogitare
468 2289 593 2376 coepit,
608 2291 700 2375 quod
716 2290 853 2375 quidem
865 2289 898 2358 ei
913 2290 1083 2357 salubrius
1096 2291 1250 2358 futurum
1266 2289 1391 2358 medici

158 2425 375 2481 censuerunt
392 2415 494 2502 (731).
514 2417 611 2485 Haec
628 2415 741 2482 omnia
755 2402 948 2502 praeposito
965 2415 1117 2502 generali
1132 2415 1301 2502 exposuit,
1319 2415 1391 2502 qui,

157 2539 251 2604 nulla
266 2561 370 2606 mora
386 2538 599 2626 interposita,
618 2539 732 2607 Natali
744 2539 890 2626 scripsit,
908 2551 947 2606 ut
963 2539 1138 2621 Venetias,
1158 2541 1212 2608 vel
1227 2538 1394 2609 Mediola-

161 2683 253 2746 num,
271 2674 338 2731 aut
354 2667 498 2734 Romam
515 2685 553 2733 se
569 2667 751 2745 conferret,
770 2663 874 2751 idque
889 2665 1122 2752 gratissimum
1138 2664 1202 2732 sibi
1224 2666 1295 2731 fore
1315 2685 1393 2731 sae-

164 2786 250 2872 pius,
267 2799 304 2856 et
319 2790 435 2858 verbis
445 2811 560 2856 amore
572 2789 694 2876 plenis,
709 2789 741 2858 ei
754 2789 962 2877 significavit
974 2790 1064 2884 (736,
1079 2807 1157 2874 744,
1172 2791 1260 2876 747).
1272 2790 1393 2876 Igitur,

161 2925 315 2982 exeunte
329 2936 449 2982 mense
464 2917 642 3002 Augusto,
659 2936 750 2981 anno
775 2931 871 2998 1577,
894 2915 1025 2982 ltaliam
1045 2915 1154 3002 petiit,
1172 2924 1207 2982 et
1231 2913 1396 2983 Venetias

167 3039 321 3122 pervenit
341 3057 381 3123 13
398 3039 612 3125 Septembris
628 3041 718 3127 (748,
738 3039 826 3128 749).
842 3038 998 3108 Veneriis
1009 3039 1209 3107 immoratus
1220 3050 1273 3105 est
1286 3060 1397 3125 usque

165 3163 207 3228 ad
230 3186 295 3232 ver
317 3163 398 3231 anni
423 3165 520 3247 1578,
545 3185 614 3248 quo
635 3166 773 3232 tandem
794 3166 938 3232 Romam
958 3186 1127 3244 reversus,
1146 3163 1284 3231 ultimos
1303 3163 1396 3232 vitae

165 3307 246 3356 suae
260 3310 374 3356 annos
389 3288 425 3354 in
441 3289 543 3356 domo
560 3289 770 3375 probationis
786 3289 896 3356 sancti
908 3291 1069 3359 Andreae
1086 3290 1263 3376 transegit,
1282 3287 1396 3356 miris-

167 3435 232 3498 que
246 3414 476 3495 0bedientiae,
494 3415 721 3497 demissionis,
740 3415 961 3501 omniumque
977 3415 1141 3483 virtutum
1157 3415 1322 3502 exemplis
1333 3437 1395 3482 no·

168 3537 256 3606 vitiis
285 3540 414 3608 ibidem
441 3541 734 3608 commorantibus
762 3541 952 3627 praefulsit,
980 3542 1091 3608 donec
1118 3539 1263 3608 vinculis
1290 3542 1395 3626 hujus

171 3664 384 3733 mortalitatis
399 3667 544 3749 solutus,
562 3667 617 3734 die
635 3687 653 3751 3
670 3666 799 3753 Aprilis
815 3665 895 3734 anni
916 3667 1012 3751 1580,
1030 3666 1073 3732 ad
1088 3687 1231 3753 superos
1246 3666 1395 3732 evolavit

173 3789 368 3878 hsu852l·
1135 3886 1141 3894 ,

234 3917 349 4002 Hujus
364 3917 497 4004 egregii
512 3915 576 3983 viri
592 3927 691 4004 gesta
707 3927 742 3986 et
757 3916 902 3985 uirtutes
918 3916 1060 3983 summis
1080 3915 1239 3982 laudibus
1260 3916 1395 3984 extule-

173 4051 247 4106 runt
273 4043 468 4128 complures
487 4041 670 4110 sanctitate
689 4051 724 4109 et
744 4041 886 4109 scientia
906 4039 1083 4128 conspicui
1103 4040 1179 4122 viri,
1205 4039 1240 4107 in
1267 4039 1393 4127 quibus

174 4162 332 4252 singulari
351 4165 524 4236 mentione
548 4166 645 4255 digni
665 4189 805 4254 prorsus
826 4167 944 4234 haberi
964 4168 1090 4233 debent
1114 4170 1154 4234 Β.
1178 4166 1332 4254 Ignatius
1351 4167 1396 4231 de

174 4287 329 4360 Acevedo
341 4301 375 4358 et
387 4291 622 4359 Gundisalvus
634 4293 677 4360 de
689 4291 846 4372 Silveira,
855 4292 914 4376 qui
925 4291 1129 4358 catholicam
1141 4291 1244 4357 fidem
1256 4288 1394 4376 proprio

175 4414 333 4500 sanguine
363 4416 617 4483 confirmarunt
648 4417 849 4504 (828-830),
878 4415 1115 4484 Gundisalvus
1135 4417 1220 4497 Vaz,
1245 4413 1393 4482 Michael

177 4537 216 4603 de
231 4539 363 4608 Bairros
389 4541 481 4628 (827,
512 4542 590 4622 828,
620 4542 709 4628 830),
745 4543 781 4610 S.
816 4541 1019 4608 Franciscus
1048 4540 1175 4628 Borgia
1190 4541 1269 4628 (754
1294 4539 1389 4624 etc),

179 4661 215 4728 B.
243 4665 363 4733 Petrus
390 4666 551 4734 Canisius
578 4668 668 4754 (762,
698 4667 777 4750 776,
807 4667 901 4752 etc),
931 4667 1108 4734 Emericus
1131 4665 1266 4734 Forsler
1289 4664 1392 4753 (780),
