3318 5376
438 463 490 522 322
616 480 620 486 ⁴
824 463 928 518 Errsn
948 459 982 516 Ρ.
1002 459 1208 528 Nion-455

403 617 542 689 edifiear
558 616 672 702 quella
687 624 778 684 torre
793 611 999 694 babilonico,
1018 613 1061 680 V.
1082 613 1123 679 R.
1148 614 1240 680 stara
1259 621 1453 697 preuenuto
1479 633 1546 698 per
1572 612 1639 680 fare

403 732 516 820 quello
545 735 609 798 che
625 735 721 819 potra
742 751 802 817 per
821 729 1012 797 confundet
1031 728 1064 795 le
1079 725 1199 814 lingue
1214 727 1299 794 loro.
1318 728 1355 795 S’
1379 728 1401 794 ὁ
1422 730 1542 794 anche
1566 749 1637 794 mo-

403 859 510 916 strata
520 849 543 914 l'
557 848 645 915 altra
656 867 758 933 sopra
769 845 793 911 il
805 843 944 931 negotio
960 843 994 908 d'
1009 842 1198 923 Olomutio,
1212 853 1294 924 etc,
1309 853 1343 910 et
1354 841 1384 908 si
1398 845 1536 910 hauera
1549 843 1634 910 uisto

403 965 436 1030 la
450 964 566 1030 buona
586 961 765 1049 diligentia
791 961 827 1028 di
850 961 894 1029 V.
920 961 962 1026 R.
988 960 1024 1025 in
1047 959 1186 1026 obedire
1209 980 1230 1024 a
1252 959 1324 1027 Sua
1350 957 1504 1027 Santita.
1537 962 1632 1026 Buon

403 1099 507 1164 opera
523 1081 568 1144 ha
584 1078 672 1144 fatto
689 1078 733 1144 V.
753 1079 794 1143 R.
814 1075 849 1142 in
867 1075 917 1142 sar
933 1074 1196 1142 raccornandare
1212 1095 1232 1139 a
1247 1071 1314 1140 Dio
1329 1075 1373 1141 N.
1392 1074 1430 1142 S.
1450 1074 1486 1140 le
1503 1095 1584 1142 cose
1598 1075 1630 1140 di

403 1195 430 1262 F
431 1193 561 1274 iandra;
580 1213 649 1278 qua
664 1190 765 1259 etiarn
782 1192 814 1258 le
829 1194 975 1258 hauemo
990 1189 1261 1270 raccomandate,
1279 1198 1314 1255 et
1328 1209 1423 1276 pare,
1437 1192 1596 1258 secondo
1611 1191 1631 1255 li

403 1307 514 1374 ultimi
530 1306 629 1388 auisi,
647 1309 712 1374 che
727 1307 759 1374 le
775 1327 856 1373 cose
875 1303 1002 1370 uadino
1022 1325 1144 1371 manco
1167 1305 1268 1385 male,
1290 1314 1325 1372 et
1344 1304 1534 1372 dobbiamo
1556 1327 1628 1391 spe-

404 1444 479 1490 rare
495 1425 560 1492 che
576 1442 642 1488 con
658 1422 692 1487 la
707 1431 837 1488 uenuta
852 1421 895 1487 de
911 1420 983 1488 Sua
999 1420 1129 1486 Maesta
1144 1420 1177 1487 le
1192 1419 1324 1486 aiutara
1337 1421 1450 1488 anche
1465 1419 1530 1506 piit
1542 1420 1629 1487 Iddio

402 1540 447 1606 N.
466 1539 518 1620 S.,
538 1547 573 1606 et
589 1535 702 1603 insino
721 1537 777 1602 all’
795 1539 880 1604 hora
896 1556 965 1601 non
980 1557 1061 1621 pare
1078 1537 1154 1601 sara
1170 1547 1291 1620 troppo
1310 1534 1508 1602 necessaria
1527 1536 1552 1599 l'
1572 1558 1627 1600 an-

402 1654 483 1720 data
499 1653 533 1718 di
549 1654 594 1720 V.
613 1655 654 1718 R.
674 1651 710 1718 in
725 1650 831 1737 quelli
846 1650 940 1737 paesi
960 1648 1088 1717 subditi
1110 1650 1142 1716 al
1163 1671 1212 1730 re,
1235 1651 1368 1718 benche
1388 1649 1418 1717 si
1441 1649 1625 1736 trattenghi

402 1769 495 1854 negl'
513 1767 589 1834 altri
605 1766 727 1853 luoghi
743 1767 832 1834 della
847 1764 1018 1853 prouintia
1033 1766 1089 1831 del
1104 1767 1237 1845 Rheno,
1255 1787 1276 1831 o
1291 1764 1407 1849 etiam,
1421 1765 1451 1832 si
1469 1765 1623 1853 meglioli

400 1883 529 1970 paressi
545 1893 580 1951 et
595 1881 773 1949 auanzassi
789 1891 916 1968 tempo,
929 1879 1048 1947 intrasi
1063 1879 1099 1946 in
1114 1880 1269 1947 Francia.
1289 1882 1359 1949 Pur
1374 1881 1399 1947 il
1416 1891 1534 1969 tempo
1548 1893 1581 1951 et
1595 1883 1620 1948 le

402 2019 484 2066 cose
499 1996 621 2065 istesse
636 1995 889 2084 insegnaranno
904 1996 985 2080 quel
999 1997 1063 2064 che
1078 1995 1138 2081 phi
1153 1994 1331 2064 conuiene.
1358 1998 1539 2064 Passando
1557 1999 1619 2066 Sua

403 2114 546 2193 Maesta,
564 2132 773 2198 passaranno
788 2112 898 2178 anche
913 2110 1027 2177 alcuni
1042 2109 1113 2179 dei
1133 2109 1252 2194 nostri,
1269 2112 1402 2180 benche
1417 2133 1490 2180 non
1505 2115 1525 2180 ὁ
1541 2111 1617 2178 riso-

401 2227 474 2294 luto
490 2227 601 2294 insino
617 2227 739 2295 adesso
756 2225 874 2311 quanti
890 2247 911 2292 o
927 2226 1030 2311 quali.

469 2360 501 2411 2.
549 2344 617 2409 Per
632 2341 656 2407 li
671 2340 805 2409 defunti
820 2341 855 2406 di
872 2343 1022 2408 Treuere
1038 2339 1067 2406 si
1082 2361 1167 2409 sono
1185 2341 1269 2410 fatte
1282 2341 1315 2408 le
1331 2342 1478 2411 orationi
1489 2355 1524 2411 et
1535 2343 1615 2408 dette

401 2456 433 2524 le
449 2479 558 2524 messe
575 2457 685 2537 solite,
705 2466 740 2524 et
755 2455 783 2522 si
799 2455 943 2523 diranno
959 2478 1019 2542 per
1039 2455 1142 2542 quelli
1164 2459 1229 2525 che
1248 2457 1284 2522 di
1306 2479 1423 2524 nuouo
1446 2457 1612 2526 habbiarno

401 2571 511 2641 inteso
538 2571 643 2638 habbi
669 2571 839 2638 chiamato
866 2571 961 2639 lddio
988 2573 1032 2638 N.
1057 2572 1095 2641 S.
1118 2573 1165 2640 Se
1185 2573 1298 2657 quella
1317 2573 1400 2640 cirta
1421 2573 1456 2641 di
1479 2576 1612 2642 Treuere
1647 2603 1648 2665 r

400 2687 502 2756 stessi
517 2690 606 2754 male
622 2687 657 2753 di
672 2697 780 2774 peste,
799 2688 842 2755 V.
863 2689 905 2755 R.
922 2689 1020 2774 potr&
1037 2687 1073 2755 in
1088 2687 1244 2782 ausentia
1260 2690 1321 2756 far'
1340 2691 1455 2774 quello
1476 2693 1538 2758 che
1556 2685 1581 2753 si
1598 2695 1610 2728 ²

401 2805 510 2888 potra,
530 2824 599 2869 non
615 2801 644 2868 si
660 2803 835 2870 mettendo
850 2801 886 2868 in
906 2801 1055 2889 pericolo
1076 2803 1234 2870 andando
1256 2802 1292 2870 in
1313 2826 1470 2892 persona.
1494 2801 1608 2873 Nonsi
1646 2809 1647 2868 l

401 2919 569 2984 trouando
585 2919 674 2986 bene
688 2917 712 2983 il
730 2921 770 2985 P.
788 2917 954 2986 Ximenez
969 2940 1034 2984 con
1055 2919 1078 2984 l'
1096 2919 1204 2985 uffitio
1220 2921 1481 2989 raccomandato
1496 2920 1529 2986 in
1544 2921 1606 2986 llo

400 3032 535 3115 nachi0,
554 3029 700 3100 hefalto
715 3033 804 3100 bene
820 3033 863 3100 V.
883 3035 922 3100 R.
938 3034 982 3101 de
997 3032 1191 3120 repigliarlo
1207 3033 1242 3100 in
1262 3057 1326 3104 sua
1347 3035 1558 3124 compagnia;
1578 3043 1605 3100 et
1645 3033 1646 3073 l

401 3147 425 3213 il
442 3148 574 3216 fratello
586 3150 720 3236 Jacobo
737 3149 791 3214 col
807 3151 848 3215 P.
868 3147 976 3216 Mario
988 3159 1166 3235 potranno,
1181 3171 1277 3218 come
1289 3153 1309 3217 ἑ
1320 3151 1354 3217 di
1367 3173 1485 3237 sperat
1496 3151 1529 3217 in
1540 3147 1604 3224 Dio,

401 3265 463 3330 far'
481 3264 627 3348 qualche
642 3283 723 3330 cosa
737 3262 773 3329 di
788 3265 916 3331 buono.
934 3263 993 3330 Gli
1008 3275 1080 3332 otto
1097 3265 1238 3350 giouani
1259 3267 1413 3334 tudeschi
1434 3267 1603 3340 aniuorn0,
1638 3237 1645 3316 i

400 3389 436 3447 et
452 3379 535 3446 duoi
551 3399 573 3444 o
589 3389 640 3445 tre
660 3377 695 3444 di
715 3379 787 3446 loro
807 3380 923 3445 hanno
944 3381 1075 3446 hauuto
1094 3381 1139 3446 da
1159 3382 1231 3449 fare
1250 3403 1316 3448 con
1339 3382 1371 3448 la
1397 3375 1603 3460 infimitas
1643 3445 1644 3481 ᾖ

400 3515 489 3561 sono
505 3515 570 3580 pur
586 3492 749 3578 rihauuti,
766 3493 800 3558 in
818 3493 916 3560 fuora
931 3493 966 3559 di
978 3495 1005 3560 F
1007 3495 1205 3577 erdinando,
1219 3495 1244 3561 il
1255 3497 1354 3582 quale
1365 3507 1418 3566 sta
1431 3500 1535 3566 anche
1545 3513 1603 3559 me-

400 3609 482 3696 glio.
501 3611 626 3696 Doppo
642 3609 714 3675 loro
729 3607 843 3675 arriuo
858 3608 1040 3677 Giouanne
1055 3609 1253 3695 viennense,
1267 3623 1302 3680 et
1314 3613 1343 3680 si
1355 3615 1480 3682 uedera
1492 3615 1514 3679 l'
1525 3610 1601 3677 aiuto
1642 3633 1643 3685 r

399 3725 464 3789 che
479 3723 503 3788 li
519 3726 617 3809 potra
632 3724 713 3791 dare
728 3724 760 3790 la
775 3723 987 3809 probatione;
1006 3736 1040 3794 et
1055 3725 1079 3790 il
1095 3725 1202 3794 simile
1218 3726 1247 3794 si
1263 3729 1335 3796 fara
1346 3750 1410 3795 con
1426 3728 1512 3808 altri,
1526 3721 1601 3810 quali

352 3899 354 3906 .
398 3837 610 3907 intendiamo
621 3859 715 3908 esser
726 3838 876 3905 mandati
888 3839 932 3905 da
944 3841 987 3906 V.
1002 3841 1059 3923 R.,
1074 3843 1206 3909 benche
1220 3863 1287 3910 non
1299 3865 1386 3910 sono
1398 3865 1518 3913 ancora
1528 3836 1598 3908 arri·
1641 3837 1642 3886 l

399 3951 482 4020 uati.
498 3953 591 4021 Vero
603 3955 623 4020 ὁ
634 3955 699 4022 che
715 3952 738 4019 il
755 3956 795 4020 P.
815 3953 901 4021 Ruiz
920 3956 928 3990 ¹
946 3976 1014 4022 non
1027 3955 1165 4043 giudica
1176 3968 1297 4046 troppo
1308 3958 1484 4045 spediente
1496 3965 1598 4026 metter
1640 4041 1641 4052 ἵ

399 4067 499 4134 simili
514 4067 613 4136 uechi
625 4067 660 4134 in
673 4067 878 4155 compagnia
893 4069 973 4136 delli
984 4071 1103 4154 nuoui,
1118 4083 1152 4140 et
1164 4073 1234 4140 cosi
1247 4072 1408 4152 habitano
1420 4078 1513 4144 fuora
1525 4067 1597 4137 della
1640 4055 1641 4091 r

398 4181 612 4268 probatione,
631 4184 764 4251 benche
779 4195 870 4251 sotto
887 4185 918 4252 la
934 4206 1017 4252 cura
1031 4187 1087 4254 del
1103 4198 1231 4256 mastro
1246 4187 1282 4255 di
1296 4188 1429 4277 nouitij.
1450 4183 1596 4258 Hauendo
1639 4233 1640 4295 ἢ

398 4297 549 4365 arriuato
566 4297 614 4365 fin
630 4300 702 4384 qui,
720 4298 841 4385 gionse
857 4301 958 4368 Mtro,
983 4304 1146 4388 Marquez
1162 4325 1227 4370 con
1242 4303 1323 4372 duoi
1339 4303 1526 4394 compagni.

452 4459 468 4492 ⁸
496 4449 562 4506 Hoc
574 4450 663 4507 verb.
679 4467 766 4523 supra
780 4468 860 4507 vers.
879 4449 990 4508 addidit
1003 4453 1073 4509 libr.
1638 4423 1639 4499 l

453 4578 459 4609 ¹
497 4575 667 4647 Alphonsus
679 4576 765 4644 Ruiz,
780 4576 920 4648 magister
932 4577 1109 4635 novitiorum
1122 4578 1153 4636 in
1165 4579 1253 4636 domo
1265 4580 1397 4654 professa
1406 4583 1521 4641 Romae.
1533 4576 1595 4632 SAC·

396 4675 525 4736 camno,
538 4665 597 4722 loc.
613 4665 682 4730 cit„
697 4665 750 4722 lib.
770 4665 809 4736 11,
822 4683 855 4722 n.
875 4667 921 4723 16.
1032 4685 1034 4688 ·
