3322 5370
584 475 620 518 ao
639 463 767 521 Ananis
788 467 856 537 ¹5⁶7
965 445 968 451 ’

673 650 761 714 Δῖθ

342 759 391 825 Ρ.
430 759 838 832 HIERONYMUS
872 763 1082 836 NADAL

413 873 573 933 SANCTO
585 875 811 936 FRANCISCO
824 879 877 934 DE
890 879 1017 952 BORJA

373 983 549 1031 AUGUSTAB
561 985 775 1042 rnevruonon,
790 989 825 1031 20
838 989 958 1034 arnna
974 977 1042 1048 1567
1057 983 1081 1036 ¹.

94 1073 119 1114 1.
139 1061 182 1118 De
190 1064 352 1136 formula
361 1068 563 1141 fundationis
579 1070 777 1144 oollegiorum
794 1073 967 1146 Herbipolis
983 1079 1011 1131 ot
1024 1075 1145 1149 Spirae:
1163 1075 1329 1149 difficultas

119 1155 324 1226 proponam,
338 1159 376 1212 de
389 1158 508 1212 ratione
520 1175 551 1214 sa
562 1157 720 1232 obligandi
731 1177 767 1215 ex
781 1165 872 1232 parte
890 1162 1059 1220 Societatis:
1071 1164 1182 1220 solutio
1199 1162 1329 1238 difficul-

121 1243 283 1300 tarta-2.
307 1245 403 1302 Ratio
421 1247 560 1318 specialis
576 1248 744 1318 attingitur
757 1253 816 1320 pro
832 1251 969 1324 collegiis
988 1251 1216 1308 Germaniae.—
1230 1267 1259 1324 3.
1281 1253 1328 1310 De

121 1329 249 1404 collegio
271 1335 491 1406 spirensi-4.
511 1333 559 1390 De
573 1336 817 1408 herbipolensi·
825 1353 854 1407 5.
872 1339 919 1395 De
936 1345 1075 1414 utroque:
1089 1342 1266 1414 postulatur
1282 1343 1328 1399 ul·

120 1419 195 1474 lana
207 1423 365 1480 resolutio
373 1425 544 1497 praepositi
553 1426 720 1498 generalis.

155 1557 182 1606 1.
225 1545 336 1630 Jhus.
361 1546 469 1613 Molto
490 1545 577 1612 Rdo.
601 1548 641 1611 P.
660 1546 704 1612 N.
723 1544 758 1611 in
775 1545 925 1613 Christo.
945 1547 1019 1614 Pax
1039 1544 1184 1626 Christi,
1202 1555 1268 1614 etc.
1287 1547 1326 1613 ln

92 1665 207 1736 questa
222 1657 307 1725 diro
321 1661 396 1727 solo
411 1661 500 1730 della
517 1661 717 1729 fundatione
732 1662 788 1729 del
808 1661 955 1749 collegio
975 1662 1019 1729 de
1041 1661 1219 1748 Herbipoli
1241 1672 1276 1728 et
1291 1661 1326 1728 di

94 1769 195 1854 Spita.
212 1773 261 1838 Et
278 1777 457 1860 pensando
473 1779 537 1842 che
553 1776 589 1841 in
605 1787 727 1861 questo
743 1799 814 1843 non
831 1775 940 1843 saccio
955 1787 1074 1844 contra
1085 1777 1226 1843 volanti
1238 1775 1327 1845 della

96 1883 132 1948 P.
148 1885 209 1967 V.,
223 1886 308 1956 dico
322 1890 438 1974 quello
453 1893 519 1958 che
534 1894 580 1956 m'
598 1911 749 1972 occorre,
764 1891 1030 1977 rapresentando
1046 1892 1246 1974 solamente,
1260 1911 1326 1958 con

97 1999 174 2084 ogni
189 2001 429 2074 indifferentia
444 2027 510 2072 con
526 2005 559 2072 la
574 2005 685 2092 gratia
700 2006 757 2075 del
772 2005 932 2092 Signore.
948 2007 992 2073 Et
1007 2028 1088 2092 pare
1109 2005 1156 2070 mi
1178 2027 1279 2073 moue
1301 2006 1325 2071 il

96 2113 264 2186 desiderio
279 2123 347 2187 che
363 2123 409 2186 ho
425 2123 458 2186 d'
477 2121 587 2187 aiutar
602 2121 799 2203 Germania,
818 2131 914 2189 tanto
930 2121 1054 2190 misera
1069 2133 1104 2187 et
1124 2121 1276 2188 desolata
1290 2118 1326 2188 d'

100 2229 176 2315 ogni
190 2233 289 2302 aiuto
304 2237 469 2303 humano.
489 2237 538 2303 La
551 2236 695 2304 formula
706 2238 773 2303 che
784 2235 811 2304 s’
824 2239 843 2304 ὁ
855 2237 946 2320 data,
960 2239 980 2304 e
992 2247 1113 2322 questa
1128 2236 1164 2303 in
1175 2256 1322 2304 summa:

100 2345 200 2414 cheli
215 2351 392 2418 fundatori
407 2351 510 2417 diano
525 2373 586 2438 per
607 2371 701 2420 mera
721 2351 921 2433 donatione,
938 2353 1014 2418 sine
1028 2352 1135 2432 modo,
1152 2353 1227 2418 sine
1242 2371 1336 2438 con·¹

100 2459 231 2546 ditione,
247 2465 270 2532 il
284 2466 432 2554 collegio
446 2468 564 2534 dotato
580 2467 645 2534 alla
661 2466 889 2554 Compagnia,
907 2477 942 2535 et
957 2464 1172 2554 signifiecino
1188 2465 1212 2532 il
1232 2464 1322 2534 desi-

103 2575 189 2644 derio
209 2581 295 2664 loro,
313 2592 349 2650 et
369 2581 540 2668 preghino
559 2582 591 2648 la
612 2581 826 2669 Compagnia
846 2583 911 2649 che
935 2581 1027 2668 vogli
1048 2579 1189 2651 riceuer’
1207 2581 1326 2666 quella

103 2690 278 2765 donatione
293 2717 399 2778 mera,
413 2706 495 2778 etc.,
510 2707 545 2764 et
556 2695 584 2764 si
596 2696 690 2784 vogli
707 2697 871 2783 obligare,
885 2698 1034 2764 secondo
1046 2698 1111 2764 che
1127 2698 1248 2782 puotra
1259 2716 1321 2782 per

105 2803 125 2870 il
143 2829 204 2876 suo
231 2811 399 2894 instituto,
417 2798 633 2900 obligandosi
649 2835 669 2878 a
689 2833 726 2880 se
747 2822 872 2893 stessa,
890 2833 960 2879 non
982 2834 1003 2879 a
1025 2813 1110 2892 loro,
1128 2815 1172 2878 ne
1192 2833 1252 2898 per
1273 2811 1321 2877 ri-

105 2933 209 3005 spetto
222 2928 264 2994 de
278 2925 492 3008 fundatione,
509 2949 566 2994 ma
581 2948 642 3013 per
657 2927 681 2993 il
697 2949 761 2996 suo
774 2927 932 2994 instituto
946 2938 981 2994 et
996 2928 1146 2994 volonta.
1162 2929 1275 2995 Nasce
1289 2926 1324 2993 la

105 3033 268 3126 difficolta,
296 3045 365 3111 che
385 3065 467 3129 pare
489 3053 610 3129 questa
629 3041 857 3130 obligatione,
876 3041 978 3111 etiam
998 3065 1019 3109 a
1043 3065 1080 3109 se
1100 3053 1225 3122 nessa,
1242 3051 1315 3111 etc.

106 3170 189 3223 esser
203 3167 318 3225 contra
333 3159 366 3224 le
380 3157 630 3240 constitutioni,
647 3167 778 3243 quanto
800 3157 857 3224 all'
875 3156 1082 3244 obligatione
1104 3157 1138 3224 di
1159 3157 1221 3223 dar
1241 3177 1318 3242 pre-

106 3264 242 3341 dicatore
255 3284 290 3342 et
306 3275 428 3342 lettore
444 3273 479 3339 di
496 3271 682 3360 theologia,
700 3273 789 3340 doue
802 3293 871 3339 non
882 3275 903 3340 e
914 3271 1112 3340 vniuersita.
1129 3271 1198 3357 Qui
1211 3271 1321 3358 prima

108 3399 229 3455 Occorre
247 3391 313 3456 che
332 3389 367 3456 la
387 3391 428 3455 Ρ.
451 3391 495 3457 V.
518 3411 588 3482 non
609 3389 655 3455 ha
674 3387 858 3468 difficolta,
877 3390 921 3455 ne
942 3389 974 3454 la
989 3387 1035 3467 fa,
1053 3386 1089 3452 in
1105 3386 1265 3472 obligarsi
1288 3388 1320 3452 la

108 3495 307 3591 Compagnia
322 3527 344 3572 a
358 3492 441 3571 dare
454 3505 487 3572 le
502 3505 588 3572 altre
604 3503 749 3586 lettioni,
767 3503 803 3570 in
816 3505 915 3571 luora
927 3502 962 3569 di
975 3502 1087 3588 quelle
1098 3501 1133 3567 di
1146 3501 1320 3586 theologia

109 3623 138 3677 et
150 3616 182 3682 d'
197 3617 219 3683 il
233 3619 454 3705 predicatore.
470 3621 514 3686 Et
525 3617 597 3686 cosi
615 3621 661 3686 ha
673 3619 758 3686 fatto
769 3619 814 3686 N.
830 3621 869 3686 P.
886 3619 973 3685 Mro.
988 3619 1124 3702 Laynez
1136 3616 1225 3683 nella
1237 3616 1320 3682 fun-

110 3726 230 3802 datione
243 3735 299 3802 del
315 3734 462 3821 collegio
476 3734 511 3802 di
527 3736 680 3818 Cuenca,
694 3744 730 3802 et
741 3735 784 3802 V.
805 3737 845 3800 P.
864 3733 899 3800 in
916 3734 1029 3818 quello
1044 3731 1088 3798 de
1104 3731 1254 3816 Dilinga.
1274 3733 1320 3797 Et

110 3861 161 3926 par
173 3848 285 3917 chiaro
300 3850 356 3918 dai
375 3851 428 3917 2.⁰
443 3861 479 3919 et
499 3849 701 3936 11·capitolo
717 3849 806 3917 della
819 3866 842 3932 4
857 3859 953 3935 parte
972 3848 1061 3916 delle
1081 3844 1317 3913 constitutioni

109 3975 161 4028 con
174 3963 205 4033 le
218 3987 279 4034 sue
292 3965 517 4033 declarationi
528 3965 555 4046 ',
572 3975 607 4033 et
622 3966 678 4032 dal
697 3963 748 4050 3.⁰
763 3964 852 4034 della
868 3960 922 4052 9.⁸
935 3965 960 4044 ⁵,
978 3963 1068 4031 doue
1084 3962 1112 4028 si
1128 3962 1231 4042 vede,
1250 3961 1317 4027 che

108 4123 297 4145 5

149 4233 155 4264 ¹
186 4233 229 4288 Ex
250 4234 422 4305 archetypo,
444 4249 461 4288 a
483 4231 617 4304 Jimenez
639 4241 770 4304 exarato,
792 4237 822 4286 et
844 4227 958 4286 Natalis
977 4244 1064 4284 manu
1084 4225 1260 4300 subscripto,
1283 4225 1315 4281 in

104 4314 187 4389 Epist.
199 4321 317 4392 Natat,
330 4321 371 4391 11,
383 4319 493 4394 duplici
507 4320 569 4392 fol,
587 4332 639 4391 179
652 4319 726 4393 (416,
740 4324 814 4390 417).
828 4320 863 4375 ln
875 4335 990 4374 summa
1002 4333 1051 4372 ora
1065 4315 1175 4390 primae
1189 4315 1315 4387 paginae

103 4403 161 4463 baec
172 4408 302 4480 Jimenez
315 4409 444 4482 scripsit:
458 4410 648 4483 Dupplicafa
660 4413 688 4465 et
700 4411 734 4465 in
747 4409 871 4481 qualche
883 4424 950 4464 cosa
962 4410 1084 4462 mutata
1096 4409 1125 4461 et
1137 4405 1276 4478 agionta.

145 4501 154 4532 ¹
187 4499 260 4555 Vide
275 4497 510 4556 Comtitutioms
524 4497 765 4571 Societatisjesu
778 4498 894 4554 latinae
906 4501 935 4553 tf
946 4495 1132 4568 hispanicae,
1150 4509 1240 4566 pagg.
1265 4504 1313 4548 111

106 4591 131 4637 ‘t
143 4597 425 4735 ¹⁸4⁹bomaatana
438 4677 595 4734 Sacisfaiis
601 4676 678 4750 Jesu
689 4675 807 4732 latinae
819 4680 847 4731 ef
860 4675 1045 4749 hispanicae,
1059 4689 1129 4747 pag.
1146 4671 1210 4742 267.
