3494 5392
411 467 429 522 6
801 466 907 522 Eersr.
926 463 960 520 Ρ.
980 459 1183 532 Ninon-352

375 620 489 688 uendo
504 617 528 685 ii
544 618 663 686 dubbii
683 620 747 687 che
763 621 890 701 hann0,
913 627 948 684 et
967 613 1181 682 ordinandoli
1200 614 1316 701 quello
1340 613 1404 681 che
1434 611 1459 679 ii
1484 615 1611 698 patera

375 732 615 814 conueniente,
633 732 657 798 il
672 736 736 800 che
756 731 999 819 specialmente
1014 731 1142 796 doueri
1157 728 1229 796 iare
1249 729 1386 812 quando
1406 725 1564 808 uisitari„
1583 747 1608 793 o

376 849 433 936 gii
448 851 577 918 hauerai
593 847 720 916 uisitnti
735 846 848 915 alcuni
864 844 995 933 luoghi.

443 982 474 1031 2.
524 965 662 1033 Haueri
679 984 773 1043 cura,
787 963 876 1028 oltra
891 962 934 1030 de
949 959 1113 1028 risoluere
1128 958 1152 1024 il
1166 957 1307 1046 negotio
1321 957 1407 1024 detto
1418 957 1508 1026 delle
1518 955 1603 1023 mis-

376 1078 480 1160 sioni,
501 1077 604 1146 etiam
626 1077 715 1146 delia
738 1075 952 1147 essecutione
971 1076 1006 1142 di
1029 1075 1157 1161 quelle,
1175 1075 1312 1160 quando
1334 1076 1463 1143 hauerei
1483 1074 1604 1140 scritto

377 1214 445 1279 qua
465 1204 500 1263 et
520 1196 650 1261 hauuto
671 1192 827 1280 risposta.
851 1193 894 1258 In
915 1196 1030 1278 questo
1050 1212 1142 1258 mezo
1156 1192 1237 1280 saci
1246 1191 1318 1280 sur
1332 1191 1496 1271 oraliorw,
1515 1189 1606 1255 nelle
1728 1163 1729 1242 i

373 1311 577 1398 prouinczire
591 1309 632 1374 de
652 1309 854 1394 Germania,
865 1315 932 1394 per
948 1308 982 1374 la
998 1307 1090 1374 dicia
1109 1309 1117 1342 ¹
1134 1312 1166 1372 ei
1175 1313 1242 1392 per
1256 1311 1368 1392 queste
1384 1305 1554 1371 missioni.

445 1445 477 1508 3.
526 1423 664 1492 Habbia
679 1445 761 1491 cura
776 1425 865 1492 delle
880 1443 958 1491 case
973 1422 1009 1490 di
1024 1421 1234 1518 probatione,
1249 1421 1491 1508 specialmente
1506 1420 1608 1489 intre

379 1561 470 1607 cose.
490 1542 580 1622 Vna,
598 1541 688 1608 doue
704 1539 733 1606 si
748 1537 920 1606 habbiano
935 1561 955 1606 a
971 1547 1114 1606 mettere
1133 1535 1168 1604 in
1189 1535 1272 1624 ogni
1286 1535 1471 1623 prouintia.
1490 1537 1605 1619 Aitra,
1729 1557 1730 1596 3

379 1654 415 1722 in
425 1658 489 1722 che
502 1655 604 1722 modo
615 1654 644 1722 si
656 1653 825 1722 debbiano
838 1653 872 1720 di
884 1663 1077 1722 sustentare
1089 1655 1302 1740 (presuposto
1314 1655 1390 1732 che,
1404 1673 1463 1738 per
1476 1662 1607 1737 quanto

380 1769 409 1838 si
420 1771 609 1840 estendono
620 1770 652 1838 le
665 1771 758 1837 iorze
770 1770 825 1838 del
841 1769 998 1856 collegi0,
1010 1770 1101 1836 doue
1112 1770 1188 1836 sari
1200 1769 1232 1835 la
1245 1788 1323 1834 casa
1339 1766 1373 1834 di
1390 1766 1603 1853 probatione,

380 1887 555 1973 spendano
569 1885 626 1954 del
641 1905 716 1968 suo;
733 1906 794 1972 per
808 1885 922 1969 quello
936 1887 1002 1954 che
1023 1886 1193 1964 mancari,
1211 1881 1240 1950 si
1256 1884 1343 1950 deue
1359 1885 1411 1949 iar
1426 1881 1605 1950 contribu·
1730 1943 1731 1976 1

380 1999 473 2068 tione
484 2000 565 2067 dalii
576 1999 651 2067 altri
662 1999 782 2086 luoghi
794 2001 881 2068 della
893 1998 1080 2086 prouincia,
1094 2019 1158 2066 con
1172 1997 1388 2085 proportione
1399 1997 1537 2084 debita).
1553 1999 1606 2066 La
1730 1983 1731 1996 ¹

381 2127 491 2197 terza,
513 2117 577 2185 che
600 2116 630 2183 si
653 2115 835 2183 introduco
857 2115 880 2180 il
907 2115 1009 2182 modo
1034 2115 1124 2184 della
1145 2113 1345 2201 probatione
1366 2113 1401 2179 di
1421 2115 1545 2195 Roma,
1569 2113 1607 2180 in

381 2240 510 2316 quanto
525 2231 555 2298 si
570 2233 667 2318 potri
682 2232 930 2311 buonamente‚
949 2229 985 2295 in
1009 2231 1120 2314 quelle
1141 2228 1284 2316 regioni.
1308 2229 1408 2297 Oiira
1423 2235 1551 2316 queste,
1568 2231 1609 2296 in
1731 2291 1732 2328 3

380 2347 466 2434 ogni
477 2346 616 2433 collegio
631 2345 715 2411 douo
730 2366 812 2410 sono
828 2346 952 2410 nouitii
966 2345 1097 2426 alcuni,
1113 2346 1275 2411 conuiene
1298 2351 1393 2412 tener
1416 2346 1485 2411 ioco
1507 2353 1609 2431 sepa-

380 2467 456 2528 rato
465 2468 533 2547 per
548 2462 621 2526 loro
631 2467 662 2526 et
676 2482 722 2526 vn
729 2461 885 2549 prefecto
899 2459 958 2527 che
973 2460 1095 2526 habbia
1106 2482 1193 2526 eura
1205 2461 1321 2527 d'essi.

445 2597 477 2660 4.
525 2576 663 2645 Habbia
677 2576 778 2644 etiam
795 2598 877 2644 cura
892 2577 980 2647 delle
995 2598 1075 2645 case
1090 2575 1124 2642 di
1139 2576 1335 2658 conuittori,
1350 2576 1456 2656 accio,
1471 2576 1560 2644 doue
1576 2575 1608 2644 si

379 2703 557 2760 accettano
572 2713 633 2778 per
647 2690 672 2756 il
687 2692 755 2761 ben
771 2690 975 2771 uniuersale,
989 2691 1018 2758 si
1031 2691 1196 2779 tenghino
1209 2711 1276 2758 con
1289 2701 1416 2778 quanto
1429 2691 1486 2778 piu
1499 2693 1607 2758 frutto

379 2807 451 2874 loro
473 2815 507 2873 et
532 2827 654 2872 manco
683 2826 854 2893 grauezza
880 2806 969 2875 della
992 2806 1204 2894 Compagnia
1227 2806 1257 2874 si
1285 2829 1401 2892 possa,
1426 2819 1462 2876 et
1486 2806 1606 2876 uedasi

380 2919 620 3007 speciaimente
636 2942 673 2989 se
693 2919 721 2987 si
741 2922 907 3007 potrebbe
931 2931 1048 2988 trouar
1066 2923 1169 2989 modo
1190 2942 1288 2989 corne
1308 2943 1370 3009 per
1392 2921 1491 2989 amici
1514 2923 1606 2988 fora-

380 3035 474 3104 stieri
490 3034 670 3122 sottoposti
685 3036 749 3103 aila
765 3034 960 3103 uisitatione
971 3045 1006 3102 ct
1017 3035 1200 3106 direttione
1213 3037 1302 3106 della
1313 3036 1527 3124 Compagnia
1542 3059 1607 3124 po-

380 3147 509 3220 tessino
525 3150 651 3217 tenersi
667 3149 770 3235 quelli
785 3150 939 3238 collegii,
957 3172 978 3217 o
1001 3154 1066 3220 che
1085 3152 1222 3221 almeno
1242 3153 1275 3219 la
1295 3173 1377 3220 cura
1396 3152 1453 3219 dei
1474 3163 1609 3238 tempo-

382 3266 451 3332 rale
471 3266 504 3332 ia
525 3265 652 3334 tenessi
672 3267 773 3333 alcun
794 3267 841 3333 tal
861 3266 985 3347 amico,
1004 3269 1164 3336 restando
1187 3288 1253 3355 pur
1275 3268 1318 3334 ad
1343 3267 1530 3336 obidientia
1552 3268 1610 3334 del

382 3379 557 3467 superiore
572 3383 637 3448 che
652 3382 685 3448 la
699 3381 915 3468 Compagnia
931 3382 1085 3464 metessi‚
1103 3404 1201 3452 corne
1223 3382 1251 3450 si
1268 3383 1388 3450 ordino
1404 3383 1439 3450 in
1456 3385 1605 3468 Tornay.

382 3497 425 3562 Et
441 3495 476 3562 in
493 3494 675 3582 particular
690 3497 720 3563 si
735 3497 823 3563 ueda
837 3518 876 3566 se
890 3496 1057 3564 conuiene
1074 3508 1222 3566 accettar
1237 3497 1419 3566 conuittori
1436 3497 1471 3564 in
1488 3500 1610 3566 Mona-

382 3611 476 3694 chio,
500 3622 535 3681 et
558 3611 593 3678 di
616 3611 710 3678 ridur
732 3613 764 3680 la
787 3634 866 3680 casa
889 3612 923 3680 di
946 3612 1132 3680 conuittori
1154 3615 1198 3682 de
1220 3614 1428 3702 ingolstadio
1451 3636 1472 3681 a
1493 3612 1609 3681 debita

384 3727 502 3794 ionna.

380 3957 431 4015 iol.
446 3971 510 4029 210,
525 3971 590 4014 211.
607 3957 689 4016 Haec
701 3959 856 4017 instructio
870 3977 1006 4016 unacum
1024 3959 1113 4032 priori
1129 3963 1173 4032 (n.
1196 3960 1261 4033 351)
1278 3962 1375 4018 Natali
1394 3963 1499 4019 tradita
1517 3962 1573 4022 fuit
1591 3981 1608 4020 a

381 4046 414 4103 S.
428 4046 584 4104 Francisco
593 4047 631 4104 de
641 4047 737 4121 Borja‚
749 4061 767 4119 7
781 4049 933 4105 Februarii
941 4065 1019 4105 anno
1035 4051 1115 4120 1566.
1133 4049 1210 4107 Vide
1223 4050 1301 4107 dicta
1315 4051 1345 4107 in
1357 4052 1545 4124 praecedenti
1558 4053 1609 4110 do·

381 4144 530 4208 cumento,
550 4145 649 4194 annot.
671 4149 682 4192 1
703 4145 733 4193 et
751 4151 781 4194 2.
802 4139 987 4211 Exemplum,
1008 4138 1085 4195 unde
1102 4141 1175 4196 haec
1188 4139 1344 4196 instructio
1359 4141 1534 4214 transcripte
1551 4151 1610 4215 est,

382 4242 470 4280 manu
483 4225 594 4282 librarii
605 4235 768 4299 exaratum,
778 4236 809 4284 et
818 4245 836 4282 a
845 4227 882 4283 P.
898 4228 1026 4284 Poianco
1039 4227 1157 4301 saepius
1170 4227 1357 4284 emendatum
1371 4237 1401 4286 et
1414 4239 1531 4286 auctum
1542 4231 1609 4288 fuit.

382 4315 468 4386 Quae
480 4323 580 4370 eutem
597 4314 741 4372 Poiancus
760 4316 876 4390 propria
894 4334 981 4373 manu
999 4317 1127 4391 scripsit,
1146 4317 1253 4374 italicis
1271 4319 1489 4375 characteribus
1506 4319 1611 4378 distin·

382 4419 516 4475 guimus.
1068 4420 1074 4432 ⁸

436 4497 443 4528 ¹
481 4494 527 4548 De
539 4503 688 4550 conventu
700 4503 865 4566 augustano
878 4510 974 4552 sermo
987 4503 1047 4554 eet.
1064 4494 1140 4553 Vide
1157 4496 1236 4553 dicta
1254 4496 1285 4552 in
1298 4495 1487 4570 praecedenti
1501 4497 1610 4556 instru-

378 4579 490 4650 ctione3
514 4590 544 4638 et
564 4581 604 4638 ci.
626 4584 780 4655 Jnrtsssu,
805 4585 973 4642 Goschiclrte
994 4587 1046 4642 des
1065 4587 1222 4642 deutschen
1241 4586 1358 4657 Voikes,
1382 4593 1404 4640 t.
1428 4586 1480 4657 tv,
1504 4586 1555 4644 lib.
1583 4589 1608 4659 1,

380 4686 445 4743 cap.
459 4683 523 4732 xvt.
