3318 5376
379 500 432 557 330
777 502 882 556 Errsr.
904 497 937 552 P.
953 497 1156 569 Narone-456

349 660 492 721 curaret
506 675 580 721 rem
591 656 845 742 pecuniariam,
862 661 896 721 et
912 652 945 720 le
968 670 1085 738 spesse
1099 652 1142 718 de
1159 671 1250 733 casa,
1269 652 1334 719 che
1349 649 1394 715 mi
1407 669 1492 736 pare
1508 670 1570 718 una

344 791 425 838 cosa
445 769 726 857 incomportabile
741 772 806 836 che
822 787 955 853 sempre
976 764 1004 833 si
1025 767 1219 833 lamentano
1238 765 1293 832 del
1313 773 1471 850 regente,
1489 764 1570 832 oltre

343 885 400 951 alli
412 883 668 953 inconuenienti
680 883 856 971 principali
868 886 932 949 che
944 901 1028 950 sono
1039 879 1075 946 in
1087 888 1207 967 questa
1219 889 1326 966 parte.
1342 880 1388 947 Al
1399 878 1568 948 cardinale

344 1022 442 1086 parse
458 1010 580 1086 questo
590 1001 691 1083 bene,
706 1008 741 1068 et
756 998 859 1066 etiam
870 996 927 1063 alli
943 995 1064 1079 nostri,
1078 997 1209 1063 benche
1221 994 1343 1063 dicono
1354 997 1460 1064 esser’
1482 995 1567 1060 diffi-

290 1169 292 1174 .
345 1116 408 1183 eile
429 1118 556 1182 trouar'
571 1115 618 1183 tal
633 1135 788 1201 persona.
808 1115 844 1180 10
859 1115 905 1180 ho
919 1111 1180 1180 raceomandato
1195 1121 1323 1197 quanto
1338 1114 1384 1178 ho
1400 1120 1522 1200 potuto
1536 1121 1567 1177 et

344 1233 377 1296 al
394 1229 565 1298 cardinale
577 1240 611 1298 et
627 1253 647 1296 a
661 1230 734 1296 loro
750 1231 814 1298 che
829 1229 863 1294 lo
878 1226 1050 1308 cerchino‚
1065 1248 1162 1295 come
1178 1226 1252 1295 fece
1267 1248 1287 1292 a
1303 1229 1405 1294 Mtro.
1421 1225 1569 1293 Henn'co

344 1347 380 1413 in
394 1349 519 1433 Praga,
533 1345 557 1411 il
568 1347 667 1430 quale
676 1345 700 1410 l'
713 1348 758 1411 ha
769 1354 916 1425 nouato,
935 1354 1001 1412 etc.
1017 1344 1066 1410 La
1078 1364 1161 1409 cura
1174 1343 1264 1409 della
1276 1341 1416 1422 fabrica,
1431 1343 1464 1408 la
1476 1341 1570 1426 quale

345 1482 499 1547 pensano
520 1464 596 1528 sara
611 1459 707 1528 finita
722 1461 843 1529 dentro
858 1461 892 1525 d'
915 1462 973 1525 un’
992 1480 1096 1538 anna,
1114 1455 1314 1526 desideraua
1334 1477 1463 1523 ancora
1478 1455 1510 1522 io
1525 1455 1569 1522 13-

345 1575 445 1643 301331
461 1584 478 1618 ⁸
496 1574 520 1641 il
537 1577 577 1641 P.
592 1577 764 1642 Rabasten
779 1575 802 1656 ¹3
816 1596 872 1640 ma
884 1573 930 1640 mi
942 1573 1066 1640 dicono
1078 1576 1143 1642 che
1155 1593 1223 1640 non
1239 1571 1379 1638 andaria
1395 1570 1525 1651 auanti,
1538 1592 1571 1636 se

343 1692 377 1758 la
391 1712 474 1758 cura
485 1689 603 1759 venesi
620 1689 655 1755 in
672 1690 757 1756 altra
768 1710 926 1776 persona.
936 1690 981 1755 ln
994 1700 1116 1774 questo
1132 1698 1166 1756 et
1182 1687 1357 1756 etiamnel
1369 1687 1457 1753 altro
1469 1698 1571 1772 punto

344 1806 379 1872 di
396 1812 507 1892 sopra,
521 1825 559 1873 se
575 1804 624 1892 gli
640 1807 659 1872 ἑ
675 1803 815 1884 alutam,
831 1810 943 1870 taurea
960 1806 1024 1872 che
1034 1807 1149 1871 hanno
1162 1805 1217 1872 nel
1233 1801 1379 1890 collegio
1390 1803 1436 1870 de
1448 1803 1486 1870 S.
1504 1801 1565 1868 Ge·

345 1920 478 1988 ronimo
493 1943 540 1988 vn
561 1921 737 1987 sacerdote
764 1919 934 1999 secolare.
945 1921 1005 2004 qui
1024 1919 1136 2006 exigit
1145 1920 1312 2005 pecunias
1327 1941 1349 1983 a
1370 1918 1568 1984 00331010νὶ-

345 2038 415 2117 bus,
432 2045 515 2117 etc,
534 2044 569 2103 et
585 2036 674 2102 nella
690 2033 818 2100 fabrica
832 2037 890 2098 vn’
909 2034 1072 2114 aiutante,
1090 2039 1122 2100 et
1137 2038 1251 2100 lameu
1262 2045 1357 2100 resta
1372 2034 1406 2099 la
1422 2054 1505 2100 cura
1516 2051 1568 2098 su-

344 2151 477 2238 periore
492 2151 508 2193 b
528 2150 606 2218 dell'
626 2170 694 2215 una
710 2160 745 2218 et
759 2146 838 2215 dell'
854 2149 939 2216 altra
955 2170 1036 2215 cosa
1051 2149 1084 2215 al
1100 2151 1140 2215 P.
1159 2149 1342 2215 Rabasten.

413 2283 445 2333 2.
496 2263 607 2332 Parlai
629 2262 730 2332 etiam
748 2264 779 2329 31
795 2262 966 2330 cardinale
985 2264 1050 2331 che
1070 2263 1098 2330 si
1119 2263 1310 2331 riceuesero
1334 2284 1394 2348 per
1415 2262 1441 2328 li
1457 2260 1569 2328 conui-

345 2380 431 2448 ctori
446 2380 470 2447 11
486 2377 596 2447 ordini
616 2380 672 2447 del
694 2378 839 2465 collegio
862 2378 1057 2465 germanico
1081 2377 1115 2445 di
1134 2380 1255 2460 Roma,
1273 2388 1308 2447 et
1336 2379 1373 2443 fu
1395 2387 1566 2455 contento,

346 2495 464 2583 gionta
480 2501 593 2560 lamen
611 2495 757 2561 alchuna
773 2515 856 2561 cosa
870 2495 958 2562 delle
973 2493 1041 2562 mie
1056 2491 1278 2560 instruttioni.
1295 2495 1409 2560 Penso
1432 2495 1496 2561 che
1513 2513 1569 2557 an-

346 2611 474 2677 031300
489 2611 589 2678 bene.
608 2610 707 2678 Nella
726 2608 913 2676 vniuersita
928 2630 997 2675 non
1011 2612 1058 2675 ho
1078 2609 1197 2676 uoluto
1219 2620 1332 2676 tocare
1352 2629 1389 2676 se
1408 2629 1483 2675 non
1497 2606 1568 2691 quel

347 2747 434 2812 poco
455 2729 520 2793 che
541 2725 667 2793 aedera
682 2726 715 2792 la
737 2725 778 2791 Ρ.
803 2726 846 2791 V.
876 2723 956 2792 nelli
977 2723 1085 2791 scritti
1111 2726 1177 2792 che
1199 2725 1335 2790 mando.
1365 2724 1416 2790 La
1436 2723 1567 2790 causae

345 2849 434 2906 stata
449 2841 573 2927 perche
590 2861 660 2906 non
679 2861 785 2926 penso
802 2837 997 2925 conuenghi
1013 2839 1049 2905 in
1064 2839 1134 2906 vita
1150 2839 1205 2906 del
1227 2838 1398 2905 cardinale
1420 2835 1565 2904 mettersi

346 2953 453 3040 leggi,
470 2953 559 3020 delle
586 2953 676 3038 quali
704 2954 793 3020 forse
821 2953 908 3020 saria
934 2963 1077 3041 grauata
1094 2955 1126 3020 13
1148 2953 1373 3040 Compagnia:
1398 2954 1498 3020 basta
1512 2972 1565 3037 per

348 3070 468 3137 adesso
491 3091 559 3136 vna
579 3068 788 3153 mediocrite,
817 3068 917 3136 insin'
943 3091 964 3135 a
990 3078 1085 3136 tanto
1108 3071 1172 3136 che
1199 3066 1378 3136 habbiamo
1402 3068 1564 3155 maggior'

350 3183 485 3251 liberta.

413 3319 444 3383 3.
492 3300 542 3366 La
557 3299 796 3368 distributione
812 3299 855 3368 de
875 3300 1005 3386 sugetti
1026 3299 1145 3369 venuti
1164 3300 1209 3366 da
1230 3301 1349 3381 Roma,
1372 3301 1503 3368 hauerel
1517 3296 1568 3384 git

346 3413 381 3480 in
397 3424 493 3501 parte
510 3413 597 3482 vista
611 3416 644 3483 la
661 3417 701 3481 P.
721 3416 780 3492 V.;
799 3436 854 3481 ma
870 3415 929 3499 qui
944 3416 976 3481 la
992 3413 1122 3483 riserirb
1140 3424 1239 3482 tutta.
1255 3417 1294 3481 ln
1306 3417 1472 3501 Insprueh
1485 3411 1568 3481 resti]

345 3529 517 3597 Giouanni
530 3531 670 3617 anglese
685 3551 746 3616 per
773 3531 904 3616 legger’
934 3551 1003 3596 una
1030 3531 1170 3598 lettione
1189 3530 1233 3598 de
1257 3551 1374 3617 grece,
1392 3540 1429 3598 et
1446 3551 1514 3596 una
1528 3529 1567 3593 de

346 3644 460 3732 logica
479 3654 507 3726 ⁰3
525 3646 548 3711 l’
566 3666 636 3712 una
651 3655 685 3714 et
700 3647 722 3710 l'
741 3646 827 3712 altra
842 3647 960 3728 breue;
979 3655 1014 3712 et
1030 3645 1184 3714 Giacobo
1200 3645 1353 3733 spirense
1368 3665 1430 3732 per
1441 3643 1565 3731 legger'

345 3761 505 3829 nella-2?
521 3759 556 3826 di
573 3759 805 3846 grammatica,
829 3783 889 3847 per
916 3760 1103 3828 habilitarsi
1122 3761 1159 3828 in
1185 3773 1307 3848 questo
1335 3781 1452 3829 mezzo
1472 3779 1530 3845 per
1543 3757 1564 3820 l'

345 3874 534 3942 humanita.
553 3876 761 3943 Alessandro
777 3897 872 3942 33330
891 3880 920 3943 s’
942 3878 962 3943 ὁ
984 3880 1133 3944 anchora
1159 3877 1318 3943 mandato
1341 3875 1376 3944 in
1393 3873 1564 3961 Insprueh,

345 3988 573 4058 dimandando
588 3991 636 4057 lui
652 3990 687 4056 di
705 3992 810 4058 uoler'
829 3991 900 4060 fare
912 3993 934 4057 l’
953 3991 1073 4058 ultima
1084 3994 1204 4072 classe,
1219 4001 1254 4059 et
1265 3992 1426 4059 hauendo
1437 3987 1565 4056 deside·

346 4105 395 4173 rio
411 4104 446 4171 di
461 4126 598 4192 passere
611 4128 670 4192 per
687 4115 775 4173 tutte
790 4107 822 4174 le
838 4107 938 4174 classi
953 4106 989 4172 di
1005 4107 1239 4194 grammatica,
1258 4118 1292 4175 et
1308 4108 1338 4173 s'
1352 4108 1372 4174 e
1384 4106 1464 4173 data
1478 4123 1567 4170 com-

346 4220 507 4290 missione
522 4220 557 4287 di
578 4222 663 4288 farlo
684 4222 756 4288 fare
784 4223 973 4291 sacerdote:
1003 4233 1156 4289 muostra
1182 4223 1288 4289 molto
1314 4223 1421 4290 buon'
1449 4217 1565 4287 animo.

400 4435 416 4468 ι
444 4424 640 4480 Emendatum
652 4442 670 4480 a
682 4425 753 4481 libr.
770 4443 808 4482 ex
820 4427 1052 4484 taurana-b
1063 4428 1129 4482 Hoc
1146 4428 1232 4482 verb.
1255 4442 1345 4500 supra
1361 4443 1442 4483 vers.
1464 4417 1566 4480 addidit

346 4511 472 4569 libe-0
486 4517 504 4568 0
518 4515 609 4569 verba
621 4531 707 4588 seqq.
725 4515 755 4570 in
769 4533 864 4588 marg.
880 4515 993 4573 addidit
1007 4517 1076 4574 libr.

351 4638 564 4650 ——nu—

401 4704 410 4738 ¹
449 4703 581 4774 joannes
594 4703 790 4761 Rabenstein.
