3404 5380
814 474 919 531 Ense.
939 471 973 526 P.
994 467 1198 540 Nauae—413

966 620 1052 688 413

745 747 778 803 Ρ.
798 745 979 820 joannes
998 745 1052 801 nn
1069 741 1259 804 Ponnnco
1349 699 1352 705 ¹

638 864 798 934 PATRI
832 861 1152 930 HIERONYMO
1187 861 1368 930 NADAL

803 1007 923 1059 noune,
945 993 978 1050 13
996 1007 1073 1061 Jom
1093 993 1162 1064 1566
1176 997 1197 1049 ¹.

479 1127 508 1169 1.
525 1113 571 1169 De
584 1112 710 1186 collegio
723 1111 989 1168 olomucensi.-2.
1008 1110 1146 1180 Quinam
1159 1114 1188 1166 ot
1199 1109 1303 1182 prcoles
1315 1111 1348 1166 in
1360 1111 1531 1185 collegium,

771 1199 985 1274 germanicum
997 1199 1139 1254 mittendi
1150 1199 1223 1255 sint.

458 1337 486 1385 1.
530 1320 630 1406 Jhus.
649 1319 756 1386 Molto
772 1317 859 1384 Rdo.
877 1315 913 1382 in
929 1316 1018 1400 Xpo.
1038 1315 1160 1383 Padre.
1180 1317 1253 1382 Pax
1270 1315 1365 1402 Xpi.,
1383 1327 1450 1384 etc.
1468 1316 1506 1386 Si
1525 1339 1614 1386 sono

386 1432 541 1500 riceuule
556 1431 698 1502 insieme
712 1431 848 1500 diuerse
863 1419 984 1500 l'ettere
999 1427 1034 1494 di
1050 1431 1095 1496 V.
1114 1431 1171 1512 R,
1186 1429 1221 1496 di
1241 1448 1280 1518 19
1291 1439 1325 1496 et
1338 1449 1379 1515 23
1393 1431 1447 1498 del
1458 1443 1613 1517 passato,

385 1557 421 1614 et
436 1548 638 1632 aspettando
655 1547 767 1631 quella
784 1548 849 1614 che
864 1545 910 1613 lei
925 1554 1092 1631 promette
1104 1543 1139 1610 di
1151 1543 1302 1632 Dilinga,
1316 1545 1456 1612 risoluta
1466 1546 1498 1612 la
1511 1547 1617 1616 uisita

383 1661 472 1730 della
487 1660 645 1748 superior
660 1659 863 1741 Germania,
887 1659 915 1726 si
936 1661 1008 1726 fara
1028 1657 1182 1745 risposta.
1199 1659 1248 1727 La
1268 1661 1463 1745 presented
1483 1664 1617 1748 persar

383 1777 593 1844 intenderea
609 1779 652 1844 V.
669 1778 727 1857 R,
742 1778 807 1844 che
823 1774 847 1840 il
859 1774 1009 1842 cardinal
1025 1773 1256 1842 alessandrino
1272 1775 1284 1809 ’
1300 1777 1346 1841 ha
1361 1777 1445 1842 fatto
1460 1777 1615 1845 chiamar

384 1891 491 1978 hoggi
507 1901 625 1960 nostro
642 1892 753 1960 Padre
769 1891 922 1977 general,
939 1900 975 1957 et
990 1891 1013 1956 l'
1027 1891 1072 1958 ha
1086 1889 1214 1976 parlato
1230 1888 1265 1956 di
1280 1899 1376 1977 parte
1390 1890 1424 1956 di
1436 1891 1508 1960 Sua
1518 1893 1614 1962 San-

383 2007 455 2087 tita,
474 2007 698 2074 mostrandoli
712 2029 758 2074 un
770 2004 920 2092 capitulo
930 2005 965 2070 d'
981 2026 1048 2072 una
1060 2005 1181 2073 lettera
1195 2005 1274 2074 dell'
1287 2004 1502 2091 imperatore,
1516 2009 1613 2078 doue

382 2120 410 2187 si
426 2122 547 2190 diceua
559 2121 616 2190 del
629 2122 737 2188 frutto
750 2124 814 2188 che
826 2119 856 2186 si
869 2121 1008 2186 sacceua
1019 2119 1055 2185 in
1067 2118 1254 2202 Olomutio,
1268 2119 1505 2206 specialmente
1517 2125 1612 2190 nella

381 2237 514 2315 schola,
531 2247 566 2303 et
587 2238 652 2302 che
673 2234 876 2322 supplicaua
893 2236 931 2302 S.
950 2235 1021 2301 SV
1038 2233 1204 2302 ordinassi
1226 2236 1290 2300 che
1305 2233 1418 2302 alcuni
1436 2235 1471 2302 di
1491 2249 1612 2305 nostra

382 2350 594 2437 Compagnia
614 2349 801 2418 aiutassino
825 2349 928 2436 quell'
946 2369 1059 2436 opera.
1084 2351 1209 2416 Nostro
1231 2349 1342 2416 Padre
1368 2352 1507 2436 general
1534 2375 1612 2420 nro-

381 2466 521 2531 strando
533 2474 729 2550 prompteza
742 2464 778 2530 di
790 2465 934 2532 ubbedir
952 2485 971 2531 a
986 2465 1024 2534 S.
1043 2465 1113 2533 82²
1125 2516 1132 2546 ,
1144 2465 1269 2550 perche
1281 2464 1316 2529 ui
1329 2486 1431 2532 erano
1442 2466 1532 2533 delle
1543 2468 1613 2534 dif-

379 2580 495 2647 ficulla
509 2578 545 2645 in
561 2579 692 2646 assunti
711 2578 824 2660 simili,
845 2579 1047 2666 representd
1062 2600 1099 2647 se
1114 2577 1203 2646 saria
1214 2579 1303 2646 bene
1315 2591 1478 2648 cometter
1489 2594 1616 2666 questa

378 2715 458 2760 cosa
473 2717 494 2760 a
508 2697 552 2762 V.
572 2696 629 2778 R,
647 2693 755 2778 accii),
777 2693 938 2761 uedendo
955 2693 988 2760 la
1003 2692 1224 2779 dispositione
1239 2692 1274 2758 di
1285 2693 1409 2780 quella,
1422 2693 1613 2780 giudicassi

378 2830 416 2876 se
431 2810 573 2877 sarebbe
590 2809 748 2896 maggior
764 2807 904 2875 seruitio
926 2807 1043 2874 diuino
1059 2809 1110 2874 far
1125 2809 1238 2894 quello
1253 2810 1317 2874 che
1332 2808 1355 2873 il
1372 2813 1544 2877 vescouo³
1563 2811 1611 2878 ri-

332 2906 333 2909 *
378 2945 476 2993 cerea
502 2945 564 3011 per
589 2946 706 2992 mezzo
733 2924 813 2992 dell'
839 2923 1034 3010 imperator,
1060 2945 1081 2989 0
1107 2945 1194 3007 non,
1212 2932 1247 2991 et
1267 2923 1290 2988 li
1310 2945 1408 3010 parse
1433 2925 1522 2994 bene
1551 2929 1609 2993 all'
1698 2927 1699 2952 ¹

378 3041 484 3106 lllm0.
503 3039 664 3106 cardinal.
681 3041 724 3105 Et
738 3039 812 3106 cosi
824 3049 942 3105 nostro
955 3039 1065 3106 Padre
1080 3039 1127 3104 mi
1138 3059 1292 3106 comesse
1308 3039 1456 3107 scriuere
1471 3041 1549 3110 aV.
1566 3045 1607 3110 R.

378 3175 478 3240 sopra
497 3165 619 3239 questo
639 3153 794 3240 negotio,
813 3153 910 3222 accio
932 3154 975 3222 lei
997 3153 1132 3222 uedessi
1152 3155 1184 3222 le
1204 3174 1299 3234 cose,
1317 3153 1439 3241 poiche
1459 3157 1503 3222 ed
1524 3159 1612 3244 ogni
1698 3245 1699 3250 ἵ

378 3269 480 3334 modo
495 3268 524 3334 si
539 3271 584 3335 ha
600 3268 634 3335 di
650 3278 787 3336 acostar
804 3269 836 3334 la
853 3269 1011 3335 andando
1028 3289 1047 3334 a
1063 3268 1214 3350 Vienna,
1232 3279 1266 3334 et
1287 3271 1396 3337 anche
1414 3290 1534 3355 passar
1550 3295 1612 3360 per
1698 3251 1699 3262 ἵ

378 3383 587 3464 Holomutio,
606 3385 768 3450 andando
785 3383 818 3449 di
835 3385 868 3450 la
883 3406 903 3450 a
921 3387 1050 3470 Praga:
1070 3392 1105 3451 et
1120 3382 1233 3449 scriua
1248 3385 1292 3450 V.
1311 3385 1351 3450 R.
1370 3408 1390 3451 a
1405 3395 1523 3452 nostro
1541 3389 1610 3454 Pa-

376 3501 436 3565 dre
448 3501 531 3584 'quel
547 3500 612 3565 che
629 3508 742 3579 sente,
757 3497 792 3563 in
809 3499 910 3564 modo
925 3500 989 3565 che
1006 3497 1035 3564 si
1046 3519 1146 3583 possa
1162 3508 1338 3566 mostrare.

447 3633 478 3681 2.
527 3613 628 3680 Circa
643 3612 749 3697 quelli
766 3615 830 3679 che
846 3612 875 3678 si
890 3613 1104 3700 potrebbeno
1123 3613 1265 3678 mandar
1283 3615 1339 3682 nel
1359 3612 1504 3700 collegio
1525 3637 1608 3703 ger·
1698 3621 1699 3626 ’

378 3729 522 3810 manico,
541 3731 632 3794 forse
646 3728 675 3794 si
694 3729 775 3794 dara
792 3727 888 3796 auiso
909 3728 941 3794 la
962 3727 1069 3812 prima
1090 3727 1185 3793 uolta
1205 3729 1269 3792 che
1284 3726 1313 3793 si
1333 3727 1485 3796 scriuirai.
1506 3732 1608 3800 Sola-

377 3855 489 3912 mente
505 3843 639 3911 auisard
653 3865 715 3930 per
727 3853 860 3928 questa,
879 3845 955 3922 che,
971 3843 1144 3909 trattando
1161 3841 1241 3910 delli
1255 3841 1387 3929 poueri‚
1401 3865 1469 3910 non
1481 3845 1511 3912 si
1524 3847 1607 3934 giu-

376 3958 451 4026 dica
466 3959 642 4046 spediente
664 3959 805 4024 mandar
825 3980 892 4044 qua
914 3957 1019 4043 putti,
1038 3959 1163 4043 perche
1179 3957 1246 4024 mai
1266 3957 1445 4040 finiscono,
1463 3969 1499 4026 et
1519 3981 1606 4028 con-

377 4075 488 4156 uiene,
508 4075 622 4141 auanti
636 4076 699 4142 che
715 4073 812 4140 siano
826 4073 991 4159 theologi,
1007 4093 1100 4158 oper
1112 4071 1285 4155 infirmita,
1299 4094 1320 4139 0
1332 4095 1392 4160 per
1404 4076 1488 4142 altre
1501 4097 1607 4144 cause

375 4190 551 4273 mandarli,
570 4188 757 4257 hauendosi
774 4190 995 4276 guadagnato
1011 4187 1116 4253 molto
1133 4209 1222 4273 poco
1237 4189 1325 4256 nelle
1342 4211 1440 4276 spese
1455 4200 1491 4257 et
1507 4189 1607 4259 insti·

432 4406 438 4436 ¹
476 4403 520 4455 Ex
534 4403 702 4472 archetypo,
717 4419 734 4455 a
752 4398 921 4454 Fernandez
940 4406 1071 4470 exarato,
1089 4407 1121 4454 et
1139 4399 1257 4456 Polanci
1275 4416 1363 4454 manu
1381 4401 1557 4472 subscripto,
1576 4401 1605 4456 in

377 4489 449 4544 Cod.
469 4491 566 4558 PLB,
593 4488 702 4561 duplici
725 4488 794 4555 sol„
818 4487 870 4559 239
893 4488 974 4559 (64).
1001 4487 1054 4543 Est
1078 4489 1202 4544 alterurn
1226 4491 1392 4560 exemplum
1406 4489 1436 4544 in
1460 4489 1603 4562 Regesto,

376 4578 452 4634 Cod.
471 4593 504 4648 33
509 4577 555 4651 f),
568 4578 620 4634 sol.
637 4591 699 4647 145.

426 4671 437 4701 ¹
475 4665 1033 4738 Micha'e'lBonellus,PiinronepoS.
1123 4667 1134 4698 ⁵
1171 4663 1599 4738 GuilielmusPrussinowsky.
