3322 5370
391 472 444 545 364
774 479 879 570 131131.
899 477 933 532 Ρ.
953 475 1066 532 111011
1077 475 1156 545 -461

352 637 390 695 et
405 631 655 714 perseuerando
678 629 726 695 lui
741 630 832 698 nella
853 651 915 696 sua
932 629 1070 696 uolonta
1086 626 1282 710 deliberata,
1304 625 1364 712 piri
1379 637 1489 714 presto
1509 629 1566 698 che
1647 663 1648 684 2

356 742 554 826 tentatione,
567 744 611 810 de
620 755 819 834 tornarsene
835 745 868 810 31
882 742 1010 824 secolo,
1028 742 1052 808 li
1068 744 1088 810 e
1103 753 1193 809 stata
1204 743 1283 808 data
1294 741 1437 811 licencia
1447 764 1510 811 con
1520 745 1566 811 31-

355 857 435 924 cuni
451 859 579 941 denari,
604 859 698 926 accio
714 881 752 928 se
772 881 816 926 ne
843 856 957 926 cerchi
984 859 1129 942 qualche
1144 855 1269 942 partito
1283 856 1320 923 in
1341 860 1459 936 Roma,
1476 879 1532 944 per
1543 857 1564 924 il

351 975 420 1042 che
432 983 604 1040 mostraua
616 976 724 1041 hauer
734 973 879 1060 qualche
890 992 1062 1058 promessa
1073 972 1129 1040 del
1142 974 1182 1038 Ρ.
1196 970 1347 1052 Canisio,
1359 974 1423 1040 che
1433 974 1564 1040 sarebbe

353 1087 485 1156 aiutato
499 1088 543 1155 da
562 1089 632 1156 noi.
656 1089 698 1156 C’
720 1089 740 1156 ie
766 1109 891 1156 ancora
910 1085 1106 1166 Giouanne,
1136 1086 1334 1168 viennense,
1360 1089 1424 1156 che
1450 1099 1563 1154 mostra

356 1224 440 1288 poca
453 1203 604 1289 capacite
619 1225 679 1290 per
695 1201 846 1284 aiutarsi3
865 1203 998 1270 benche
1014 1201 1160 1270 tuttauia
1175 1201 1204 1268 si
1221 1201 1254 1268 13
1270 1202 1350 1288 quel
1366 1205 1430 1270 che
1449 1203 1476 1268 si
1490 1204 1562 1288 pub.

354 1319 383 1384 F
384 1339 473 1385 anno
486 1321 593 1386 anche
610 1319 721 1403 questi
748 1318 807 1385 tali
822 1338 909 1404 poco
925 1319 1019 1383 buon
1034 1317 1176 1384 seruitio
1192 1318 1262 1404 agl'
1284 1317 1361 1385 altri
1381 1317 1497 1402 nouitij
1513 1340 1566 1404 per

354 1433 377 1498 l’
395 1432 561 1519 essempio
577 1453 649 1500 ecc.
669 1435 709 1502 L'
728 1435 814 1500 altro
831 1435 1003 1501 Muramer
1018 1442 1053 1498 et
1070 1432 1172 1500 Lutio
1187 1453 1257 1500 non
1273 1442 1446 1499 mostrano
1465 1435 1564 1499 anche

351 1549 419 1614 che
430 1546 599 1616 debbiano
613 1549 663 1614 131
678 1551 785 1615 frutto
797 1547 1013 1634 importante.
1028 1546 1065 1616 Si
1078 1548 1155 1629 che,
1170 1548 1336 1614 tornando
1348 1548 1380 1613 al
1392 1546 1564 1634 proposito,

353 1662 383 1728 si
399 1683 548 1748 possono
563 1663 704 1729 mandar
720 1662 877 1732 tudeschi
892 1684 913 1729 3
928 1665 1048 1742 Roma,
1074 1683 1129 1728 ma
1147 1661 1334 1730 doueriano
1354 1683 1466 1730 essere
1479 1661 1512 1728 di
1527 1663 1566 1728 tal

353 1775 479 1857 indole,
502 1779 566 1846 che
593 1776 622 1843 si
649 1778 795 1845 colocasi
818 1780 886 1845 ben
901 1777 937 1844 in
964 1777 1038 1844 loro
1060 1777 1092 1844 la
1108 1776 1211 1843 fatica
1238 1788 1272 1846 et
1299 1799 1410 1862 spesa.
1429 1777 1565 1862 Quando
1648 1795 1649 1888 1

351 1894 464 1959 anche
478 1911 561 1959 sano
588 1913 689 1978 poco,
717 1894 830 1980 doppo
844 1894 878 1960 13
904 1891 1105 1979 probatione
1132 1915 1201 1960 non
1227 1892 1417 1959 sarebbono
1440 1892 1498 1960 atti
1512 1913 1565 1978 per
1648 1925 1649 1966 ς

356 2005 497 2072 mandar
513 2007 546 2072 31
561 2007 707 2093 collegio
724 2028 879 2074 romane.

422 2123 455 2190 6.
504 2121 537 2188 A
554 2122 676 2188 Prusia
692 2121 721 2187 si
736 2121 889 2205 scriuira,
908 2124 1122 2208 procurando
1141 2123 1236 2191 leuar
1251 2122 1286 2188 di
1301 2122 1333 2190 la
1352 2123 1385 2188 al
1404 2125 1444 2189 Ρ.
1462 2122 1565 2190 Pietro
1648 2157 1649 2160 ¹

358 2239 464 2316 Phae,
482 2247 518 2303 et
538 2257 575 2304 se
596 2236 625 2302 si
647 2239 746 2322 potra
772 2237 919 2322 spedire,
941 2248 1071 2324 quanto
1086 2237 1193 2324 prima
1214 2239 1395 2304 uederemo
1415 2235 1444 2304 si
1464 2234 1565 2302 mandi

355 2352 447 2418 doue
463 2352 505 2417 V.
526 2351 567 2418 R.
586 2351 753 2418 ordinarit.
772 2351 873 2418 Circa
887 2352 911 2418 11
924 2351 1058 2421 uestirsi
1074 2352 1097 2418 li
1118 2351 1225 2420 nostri
1245 2352 1279 2418 di
1300 2373 1384 2438 cape
1403 2352 1532 2436 quando
1545 2349 1566 2414 il

354 2465 506 2533 cardinal
526 2467 662 2534 celebra
682 2467 720 2532 in
735 2467 989 2553 pontificalibus
1010 2468 1044 2534 in
1060 2467 1211 2555 Dilinga,
1234 2478 1269 2536 et
1284 2468 1375 2534 circa
1395 2465 1420 2532 li
1440 2465 1523 2534 uersi
1536 2475 1565 2533 et

359 2580 516 2662 orationi,
534 2592 587 2648 sta
603 2583 669 2648 ben
686 2582 801 2667 quello
815 2584 879 2648 che
894 2585 938 2650 ha
950 2581 1105 2651 ordinato
1117 2584 1161 2652 V.
1177 2584 1234 2666 R.;
1251 2594 1286 2651 et
1297 2583 1386 2650 nelle
1400 2583 1483 2648 altre
1496 2601 1565 2648 cose

353 2698 420 2764 che
435 2697 479 2762 ha
495 2695 624 2776 detteli,
643 2695 783 2764 intendo
798 2697 822 2762 11
837 2697 1035 2764 medesimo.

422 2811 488 2878 Del
514 2811 660 2898 collegio
680 2812 714 2878 di
735 2813 905 2894 Trebona,
928 2813 956 2880 si
979 2813 1104 2882 uederai
1123 2835 1220 2882 come
1239 2814 1271 2880 le
1291 2834 1371 2881 cose
1389 2811 1418 2880 si
1436 2811 1562 2898 dispon-

354 2946 460 3013 gono:
491 2927 636 2994 tuttauia
663 2930 707 2994 ho
734 2927 845 2996 inteso
872 2932 937 2998 che
963 2929 1042 3014 quel
1063 2928 1267 2998 monasterio
1294 2932 1371 2996 sara
1396 2947 1560 3003 concesso,

355 3043 521 3125 quantoe
543 3040 577 3106 di
595 3053 690 3127 parte
710 3041 743 3107 di
765 3044 836 3111 Sua
857 3043 1003 3124 Santitzi,
1026 3052 1061 3112 et
1080 3053 1202 3129 questo
1222 3045 1257 3110 13
1276 3065 1401 3112 ancora
1419 3061 1561 3129 pensare,

356 3157 421 3222 che
448 3156 535 3224 sein
563 3155 751 3242 Herbipoli,
770 3178 791 3224 o
807 3158 886 3243 quel
901 3159 1028 3226 ducato
1044 3157 1079 3224 di
1096 3157 1296 3239 Franconia,
1314 3157 1442 3262 10331110
1463 3154 1565 3222 alcuni

357 3271 550 3356 monasterij
569 3271 722 3353 desolati,
740 3275 906 3358 potrebbe
922 3274 1012 3340 forse
1028 3273 1050 3338 il
1066 3293 1215 3340 vescouo
1230 3295 1332 3342 senza
1347 3274 1473 3360 grande
1486 3270 1562 3337 disfi-

353 3385 448 3452 culta
460 3395 593 3454 ottener
616 3386 670 3453 dal
691 3408 779 3473 papa
798 3387 911 3454 alcuni
931 3385 966 3454 di
986 3388 1059 3454 loro
1075 3409 1135 3474 per
1153 3388 1187 3454 la
1206 3387 1380 3456 dotatione
1398 3391 1462 3455 che
1482 3395 1564 3472 pret·
1649 3369 1650 3450 1

356 3499 460 3568 tende
477 3500 547 3568 1313
562 3500 596 3566 111
614 3494 792 3587 Herbipoii
808 3503 863 3570 del
879 3513 995 3570 nostro
1010 3501 1167 3590 collegio;
1182 3513 1217 3571 et
1238 3503 1320 3583 cosi,
1338 3523 1440 3569 senza
1454 3509 1563 3570 metter

355 3625 478 3701 troppo
493 3636 594 3682 mano
610 3637 630 3681 a
645 3615 678 3680 la
697 3616 812 3698 bursa,
830 3617 995 3703 potrebbe
1010 3619 1071 3685 dar
1085 3617 1210 3685 intrata
1225 3616 1426 3685 sufficiente.
1444 3617 1563 3702 Questo

355 3729 407 3797 sia
417 3752 478 3816 per
489 3729 634 3796 ricordo.
649 3731 746 3797 Deila
763 3731 965 3816 pluralitidi
981 3731 1172 3800 canonicati
1182 3742 1218 3799 et
1228 3732 1417 3820 parrochie,
1431 3734 1561 3798 durante

355 3845 389 3911 13
404 3845 546 3914 carestia
561 3845 595 3912 di
611 3844 763 3933 soggetti
779 3847 948 3929 catholici,
967 3859 1002 3918 et
1017 3850 1074 3918 del
1088 3848 1240 3935 sepelirsi
1251 3847 1287 3914 in
1299 3847 1471 3917 cimeterio
1485 3849 1562 3913 doue

355 3960 496 4030 heretici
511 3960 540 4026 si
556 3961 779 4047 sepeliscono,
796 3973 831 4030 et
846 3963 881 4029 di
898 3965 948 4031 131
969 3963 1123 4034 01311013
1142 3963 1274 4051 priuate
1296 3985 1357 4050 per
1376 3963 1401 4030 li
1423 3959 1561 4038 heretici,

355 4087 391 4143 et
407 4078 516 4144 anche
531 4077 587 4142 del
603 4087 773 4164 stampare
789 4077 812 4144 il
833 4079 1040 4148 catechismo
1061 4082 1192 4148 altroue
1207 4083 1271 4149 che
1292 4079 1327 4146 in
1348 4081 1466 4163 Roma,
1483 4097 1565 4144 come

356 4193 401 4260 ho
416 4193 524 4274 detto,
543 4191 571 4258 si
587 4193 669 4259 dara
685 4192 819 4260 ricordo
834 4216 855 4261 a
871 4195 943 4264 Sua
955 4195 1099 4264 Santitb.
1112 4195 1153 4264 Li
1164 4195 1293 4264 decreti
1308 4201 1339 4262 et
1350 4201 1426 4261 acta
1437 4210 1567 4280 congre·

348 4309 508 4394 gationis
524 4318 593 4373 Μ’
610 4319 645 4376 31
663 4319 752 4377 tutte
773 4311 795 4376 l'
814 4311 900 4377 altre
926 4331 1006 4380 cose
1025 4311 1070 4378 da
1089 4333 1143 4379 me
1163 4311 1329 4391 ordinate,
1352 4311 1382 4378 si
1404 4302 1568 4379 uederidi

356 4422 496 4489 mandar
512 4425 588 4492 aV.
607 4425 661 4504 R.,
676 4435 711 4491 et
727 4427 837 4493 anche
853 4425 902 4512 gli
921 4425 1016 4511 uffitij
1034 4426 1218 4507 emendati;
1236 4437 1271 4494 et
1292 4419 1566 4493 3311313133ιί-

351 4545 429 4602 3310
444 4537 531 4604 delle
552 4559 632 4607 cose
653 4542 717 4607 che
738 4539 767 4608 si
795 4541 955 4608 scriuono
984 4541 1040 4608 alli
1066 4539 1273 4629 prouintiali.
1297 4542 1346 4609 Le
1370 4531 1564 4607 meditationi

352 4669 456 4736 sopra
470 4652 503 4720 le
518 4653 720 4723 domeniche
735 4655 791 4724 del
817 4679 910 4724 anno
930 4659 1058 4726 uedero
1073 4655 1107 4723 di
1124 4657 1174 4722 far
1197 4655 1344 4742 copiare.
1367 4659 1407 4724 L'
1425 4656 1505 4722 altre
1518 4649 1565 4716 in-
