3414 5374
417 499 470 568 71⁶
805 497 909 556 Errsr.
929 495 964 553 P.
984 495 1187 570 Nepte-598

376 671 508 738 augere
523 648 697 736 dignetur.
716 651 757 718 R.
767 659 798 692 ¹⁶
811 651 907 716 Tuae
918 648 1077 736 precibus
1089 660 1124 717 et
1136 647 1262 716 sanctis
1273 647 1448 715 sacrificiis
1459 669 1518 715 me
1529 648 1606 733 plu·

375 766 500 832 rimum
516 765 731 833 commendo.
750 766 891 848 Romae,
909 763 1017 851 pridie
1032 765 1192 834 calendas
1207 763 1335 851 Aprilis
1357 764 1450 848 1576.

947 983 1041 1048 508

713 1112 754 1179 P.
773 1111 1083 1180 HlERONYMUS
1106 1112 1270 1180 NADAL

627 1243 755 1300 PATRI
779 1241 1030 1302 EVERARDO
1051 1239 1355 1302 MERCURIANO

806 1371 929 1424 τττττττττ,
946 1371 979 1446 ¹⁰.
991 1371 1061 1425 unJr
1077 1360 1144 1430 ¹57⁶
1159 1360 1178 1413 ¹.

384 1475 431 1531 Do
442 1491 497 1530 suo
509 1476 597 1530 rocio:
610 1475 709 1531 teones
720 1493 740 1530 a
752 1491 783 1532 ss
794 1477 962 1532 muetos
974 1491 1035 1530 non
1047 1476 1178 1532 ετὶοτιδαε
1188 1479 1297 1542 cenom
1308 1491 1372 1531 rem
1390 1477 1494 1530 umes
1510 1489 1601 1530 censo-

803 1581 875 1618 rum
885 1563 1007 1636 judicio
1019 1563 1190 1620 committit.

450 1690 475 1776 †
500 1689 696 1756 Admodum
717 1689 802 1758 Rde.
820 1689 856 1756 in
876 1689 1014 1757 Christo
1030 1692 1072 1756 Ρ.
1090 1691 1134 1758 Ν.
1154 1691 1227 1756 Pax
1242 1688 1378 1758 Christi.
1396 1690 1474 1763 Non
1495 1687 1595 1754 aude-

386 1805 465 1870 bam
488 1805 531 1870 ad
552 1813 599 1883 te,
618 1806 733 1887 Pater,
750 1803 899 1874 scribere
918 1807 1085 1872 hactenus
1105 1803 1220 1870 latine.
1239 1805 1309 1874 Sed
1324 1803 1513 1870 inuitarunt
1533 1823 1594 1880 me,

384 1929 421 1984 vt
438 1918 472 1984 id
488 1918 654 2005 experiar,
671 1941 757 2006 quas
772 1919 839 1988 iam
855 1918 993 1987 tertium
1010 1915 1124 2005 accepi
1140 1941 1183 1987 ex
1199 1928 1232 1988 te
1248 1917 1380 1986 latinas.
1400 1920 1479 2004 Qua
1494 1917 1529 1982 in
1548 1939 1592 1994 re,

380 2034 465 2101 illud
486 2033 589 2102 etiam
611 2033 730 2102 faciam
751 2033 1002 2120 compendium;
1021 2045 1140 2120 potero
1159 2032 1251 2100 enirn
1266 2032 1376 2100 aliena
1396 2053 1497 2099 manu
1516 2030 1593 2098 scri-

383 2151 477 2232 bere,
496 2150 554 2235 qui
571 2171 640 2218 non
656 2149 756 2220 facile
771 2171 847 2218 mea
862 2149 1061 2218 scribebam.
1079 2149 1222 2218 Mirifice
1237 2159 1478 2216 recreauerunt
1499 2169 1550 2214 me
1564 2145 1594 2210 in

383 2264 533 2332 Domino
548 2265 666 2334 literae
678 2277 769 2347 tuae,
789 2268 903 2346 Pater,
921 2287 1006 2350 quas
1021 2265 1130 2352 pridie
1145 2266 1308 2334 kalendas
1323 2263 1449 2351 Aprilis
1464 2261 1589 2330 dedisti.
1688 2337 1689 2350 χ

382 2379 477 2465 Quid
493 2379 582 2448 enim
600 2382 643 2446 ad
659 2379 733 2448 illas
748 2380 827 2448 addi
843 2380 954 2467 potuit
969 2391 1132 2466 paternae
1145 2380 1199 2448 vel
1214 2379 1439 2448 solicitudinis
1453 2379 1508 2448 vel
1523 2397 1594 2442 sua·

384 2495 500 2562 uitatis
515 2497 571 2562 vel
586 2494 783 2563 charitatis?
798 2497 873 2582 Ego
897 2495 1033 2580 quidem
1057 2517 1198 2583 corpore
1214 2517 1283 2562 non
1306 2508 1375 2562 tam
1398 2497 1485 2562 bene
1504 2493 1591 2558 valeo

383 2631 485 2694 quam
502 2611 664 2692 solebam3
683 2611 742 2678 sed
758 2609 842 2678 illud
856 2612 965 2680 debeo
981 2611 1192 2678 orationibus
1205 2611 1285 2693 tuis,
1300 2611 1393 2695 quod
1405 2609 1590 2678 animosum

386 2735 543 2810 vegetus.
554 2726 672 2811 Itaque
684 2724 847 2811 quicquid
858 2726 940 2794 mihi
952 2727 1081 2810 euenit,
1090 2729 1134 2793 ad
1144 2726 1210 2796 Dei
1222 2725 1467 2813 benignitatem
1480 2724 1588 2792 refero.

386 2840 465 2906 Non
485 2850 569 2924 puto
589 2839 689 2907 nouis
710 2861 798 2928 opus
816 2863 891 2910 esse
911 2841 1262 2910 commendationibus
1277 2843 1368 2928 apud
1387 2845 1451 2910 hos
1472 2843 1587 2908 Patres.

385 2956 511 3040 Magna
527 2975 582 3020 me
597 2966 677 3021 sunt
692 2977 826 3042 semper
840 2956 1006 3043 complexi
1026 2956 1240 3044 benignitate
1255 2967 1291 3025 et
1310 2977 1425 3026 amore
1446 2977 1485 3024 ac
1502 2951 1591 3021 etiam

385 3067 610 3155 prouidentia.
628 3072 682 3138 De
696 3071 791 3139 socio
806 3071 863 3159 egi
874 3091 952 3138 cum
969 3082 1191 3158 procuratore
1203 3071 1305 3139 huius
1316 3071 1509 3158 prouinciae
1520 3069 1541 3132 ¹.
1555 3065 1591 3130 Et

386 3205 440 3252 res
457 3187 524 3250 huc
535 3184 635 3251 rediit
650 3185 775 3269 omnis,
789 3207 864 3254 esse
880 3198 1091 3273 compertum
1107 3211 1151 3258 ex
1165 3191 1231 3256 hac
1245 3185 1423 3273 prouincia
1439 3183 1517 3252 mihi
1531 3175 1590 3246 dari
1687 3203 1688 3264 τ

385 3321 455 3366 non
471 3319 571 3385 posse
586 3299 748 3369 idoneum
764 3300 902 3368 socium.
922 3303 973 3368 Ex
988 3303 1083 3370 Italia
1098 3315 1151 3370 est
1165 3301 1318 3368 omnium
1332 3311 1349 3344 ⁸
1369 3300 1593 3369 consiliumne

386 3426 510 3501 petam.
530 3417 617 3482 Nam
634 3426 669 3484 et
684 3438 755 3484 non
771 3416 914 3486 libenter
930 3416 986 3484 hic
1001 3437 1077 3486 esse
1093 3419 1203 3486 solent
1216 3419 1264 3503 (vt
1279 3415 1392 3501 audio)
1408 3415 1492 3496 itali,
1504 3423 1536 3480 et
1549 3411 1592 3476 la-

383 3531 450 3597 cile
470 3530 505 3596 in
526 3532 755 3600 valetudinem
775 3531 930 3599 incidunt
957 3531 1137 3600 infirmam.
1160 3533 1342 3618 Reliquum
1365 3544 1417 3602 est
1436 3544 1475 3598 vt
1495 3527 1545 3596 vel
1557 3543 1592 3590 ex

384 3645 577 3726 Flandriae‚
595 3648 650 3713 vel
665 3667 708 3714 ex
723 3647 835 3716 Rheni
850 3647 1028 3734 prouincia
1043 3649 1137 3716 illum
1153 3651 1197 3718 de
1212 3671 1315 3718 manu
1331 3659 1403 3729 tua,
1420 3651 1527 3722 Pater,
1542 3659 1589 3708 ac-

385 3759 521 3847 cipiam,
539 3761 568 3828 si
584 3761 644 3828 tibi
661 3761 828 3830 videatur.
847 3763 931 3830 Mihi
951 3763 1014 3831 erit
1035 3775 1170 3850 gratum
1187 3764 1356 3832 vtrumuis
1372 3785 1392 3830 e
1407 3775 1465 3830 tua
1483 3757 1587 3824 volun·

388 3885 456 3943 tate
483 3876 547 3943 erit
577 3878 783 3962 profectum.
812 3878 993 3965 Imagines,
1022 3879 1271 3964 annotationes,
1296 3892 1331 3949 et
1358 3874 1587 3947 meditationes

385 4011 493 4075 quum
517 4012 586 4058 non
613 3991 738 4077 possim
760 3994 931 4078 praesenti
954 3994 1115 4064 exhibere
1142 3995 1382 4076 Harlemiol³,
1407 3991 1531 4058 mittam
1554 3979 1588 4046 ad

386 4127 467 4172 eum
484 4106 687 4187 Louanium,
706 4107 760 4174 vel
776 4118 888 4190 antea,
906 4109 961 4175 vel
976 4121 1070 4180 certe
1085 4109 1143 4177 vbi
1158 4119 1349 4180 reuertetur
1365 4110 1400 4175 in
1421 4125 1513 4174 suam
1525 4117 1589 4188 pro

442 4291 459 4324 Ι
488 4281 621 4352 Archet.‚
636 4283 1138 4357 onium.-bArchet.,Hor10mio.

442 4432 450 4463 ¹
489 4433 533 4487 Ex
558 4433 729 4506 archetypo,
751 4435 783 4492 in
807 4435 906 4510 Epist.
926 4436 1042 4508 Natat,
1069 4437 1108 4508 11,
1133 4435 1243 4510 duplici
1264 4435 1327 4503 tol..
1351 4450 1405 4507 ²44
1426 4433 1509 4506 (172).
1529 4419 1590 4480 Vile

386 4517 481 4589 epist.
498 4530 561 4588 597,
574 4519 622 4580 cui
635 4522 707 4578 haec
724 4524 894 4596 respondet.

441 4610 452 4642 ¹
489 4609 617 4678 Joannes
630 4609 826 4670 Rabemtain.
844 4612 920 4672 Vide
933 4614 1131 4686 Aesimum,
1147 4615 1206 4672 loc.
1222 4613 1294 4687 cit..
1306 4613 1376 4675 dec.
1392 4613 1444 4682 IV,
1457 4629 1489 4670 s·
1506 4621 1558 4679 199·

440 4693 453 4728 ⁸
489 4697 536 4750 De
548 4697 586 4754 P.
604 4697 764 4768 Hrtrlemio²
780 4701 850 4756 vide
863 4700 949 4773 epist.
964 4699 1027 4770 586.
