3318 5376
522 482 539 538 3
558 486 746 540 Dscsunrus
766 484 836 554 15⁶⁶
999 473 1002 482 '
1203 480 1257 537 323

161 659 186 724 3.
226 638 355 722 Quanto
371 637 429 704 alli
445 637 526 705 doni
541 637 577 704 di
592 637 705 722 quelle
726 647 778 706 tre
798 659 957 726 persone,
981 635 1005 702 il
1024 635 1202 702 crucifisso
1224 657 1295 703 non

97 777 171 843 pare
182 754 206 820 si
218 753 330 820 debbia
345 765 518 841 acaptare,
532 753 679 820 essendo
692 774 773 821 cosa
784 752 843 839 pid
855 751 925 820 rica
936 761 971 820 et
987 751 1120 819 curiosa
1133 750 1168 816 di
1180 752 1293 837 quello

96 873 156 938 che
169 869 207 935 sia
219 870 356 937 decente
371 891 393 936 a
408 880 524 935 nostra
540 870 695 954 pouerta.
710 867 802 954 Quel
813 867 906 954 piato
917 869 982 935 che
998 867 1167 934 mandano
1179 867 1211 934 al
1222 868 1294 934 col-

97 984 177 1072 legio
188 984 259 1070 ogni
273 985 321 1067 di,
339 984 369 1052 si
384 986 617 1052 buonamente
633 983 662 1050 si
681 983 819 1069 potessi,
838 1005 919 1070 pare
935 983 1079 1051 sarebbe
1094 983 1137 1050 da
1152 983 1294 1069 persua-

97 1099 170 1168 derli
182 1120 243 1166 non
256 1101 289 1167 lo
305 1101 540 1180 mandassero,
559 1109 594 1168 et
609 1097 638 1165 si
654 1097 797 1166 scriuira
812 1100 845 1166 al
860 1108 966 1165 rettor
986 1099 1030 1164 de
1056 1098 1093 1178 li,
1118 1099 1183 1167 che
1206 1117 1243 1164 se
1265 1096 1295 1164 si

97 1218 180 1300 potrai
201 1215 424 1282 buonamente
451 1224 486 1282 et
513 1235 617 1282 senza
643 1212 844 1295 offensione,
867 1213 896 1280 si
916 1213 985 1285 leui
1006 1214 1052 1280 tal
1073 1234 1213 1296 usanza;
1236 1213 1296 1299 piu

97 1341 195 1416 presto
206 1352 279 1416 pare
295 1330 325 1396 si
341 1330 509 1416 potrebbe
525 1329 669 1416 pigliare
684 1330 718 1396 la
737 1327 974 1414 equiualencia
995 1328 1030 1394 di
1053 1327 1166 1413 quella
1188 1329 1296 1397 lemo-

93 1445 156 1511 sina
169 1443 201 1511 in
213 1446 293 1512 altro
310 1447 428 1529 modo,
444 1448 509 1514 che
525 1466 595 1512 non
614 1447 710 1512 fusse
730 1445 801 1512 cosi
824 1445 924 1514 facile
945 1467 966 1512 a
988 1443 1128 1512 notarsi.
1155 1420 1296 1529 Quanto

97 1561 152 1646 agl'
174 1560 240 1626 altri
261 1560 359 1642 doni,
382 1562 426 1627 ne
447 1559 616 1628 conuiene
637 1558 672 1626 in
693 1569 784 1627 tutto
804 1559 969 1640 resutarli,
995 1561 1040 1626 ne
1063 1561 1172 1626 anche
1194 1581 1297 1628 senza

99 1673 289 1744 discrettione
305 1684 455 1744 accettar
467 1674 550 1762 ogni
563 1696 654 1756 cosa,
670 1676 794 1762 perche
810 1673 979 1742 conuiene
995 1677 1103 1742 hauer
1117 1673 1259 1761 rispetto
1278 1696 1298 1740 a

97 1811 150 1856 nou
163 1789 185 1855 li
198 1790 314 1858 lasciar
329 1810 489 1877 grauate,
507 1789 652 1856 facendo
667 1811 768 1877 sopra
783 1789 835 1856 lor
850 1790 955 1870 forze,
974 1791 1018 1856 ne
1034 1788 1090 1856 alti
1110 1787 1233 1857 fratelli
1254 1791 1298 1856 ad

98 1906 215 1973 hauerlo
228 1927 287 1992 per
302 1906 403 1986 male3
422 1905 451 1970 si
466 1907 532 1973 che
555 1907 721 1973 conuerra
743 1914 833 1972 stare
855 1903 890 1970 in
911 1924 953 1970 su
973 1904 1007 1970 la
1026 1903 1237 1984 mediocrite,
1262 1913 1298 1970 et

98 2019 141 2104 pii
153 2031 259 2106 presto
274 2019 396 2088 lasciar
412 2021 477 2088 che
492 2019 565 2086 loro
586 2017 787 2100 ricerchin0‚
813 2023 877 2086 che
901 2018 1054 2088 rendersi
1078 2017 1168 2086 sacili
1193 2040 1213 2086 a
1235 2019 1297 2086 de-

98 2134 270 2202 mandarlio
287 2136 331 2200 ad
346 2143 497 2202 accettar
512 2134 547 2200 di
567 2135 652 2202 loru.
677 2135 801 2220 Quella
823 2133 987 2203 lemosina
1008 2137 1073 2201 che
1097 2137 1210 2202 hanno
1233 2135 1297 2200 ha-

98 2261 163 2316 uuto
175 2248 334 2317 diuocion
350 2249 385 2316 di
400 2250 542 2316 mandar
559 2271 579 2316 a
594 2251 703 2316 Roma
719 2249 755 2316 in
771 2249 889 2320 denari
910 2271 970 2335 per
992 2259 1164 2318 sustentat
1184 2247 1298 2316 alcuni

100 2365 238 2449 tudeschi,
257 2364 492 2432 continuando
508 2365 623 2450 quello
640 2367 704 2432 che
719 2366 752 2432 la
766 2366 883 2432 buona
898 2365 1062 2432 memoria
1077 2364 1132 2432 del
1153 2385 1216 2432 suo
1236 2385 1297 2451 pa·

98 2481 143 2547 dre
156 2483 278 2562 faceua,
296 2481 331 2548 io
347 2502 417 2548 non
433 2481 546 2548 uorrei
562 2479 750 2567 impedirla,
764 2480 962 2568 parendomi
974 2480 1023 2547 sia
1035 2503 1096 2567 per
1108 2481 1213 2548 molto
1224 2500 1304 2548 ser-.

100 2594 167 2664 uicio
179 2597 218 2663 de
233 2596 331 2664 Iddio
352 2596 398 2663 N.
422 2595 459 2664 S.
484 2595 634 2681 Quando
653 2595 826 2663 accadessi
846 2598 910 2663 che
931 2595 1113 2662 andassino
1135 2595 1234 2662 soora
1256 2596 1298 2662 de

101 2709 258 2796 Hispruch,
277 2711 300 2778 li
319 2709 427 2779 nostri
448 2713 513 2778 che
532 2709 565 2779 le
586 2711 790 2778 confessario
816 2721 982 2798 potranno
1004 2711 1168 2778 obseruar
1190 2709 1213 2777 il
1236 2711 1297 2779 de-

101 2834 174 2892 creto
187 2828 227 2894 de
240 2829 274 2894 la
290 2825 547 2913 congregacion
565 2828 588 2907 ¹,
606 2847 675 2894 non
691 2825 864 2894 lasciando
879 2826 914 2891 di
930 2826 1036 2892 andar
1050 2825 1096 2891 ad
1108 2831 1248 2911 tanam,
1260 2848 1298 2896 se

102 2961 248 3010 oconesse
280 2963 365 3009 caso
391 2951 549 3029 urgente,
580 2952 615 3010 et
646 2940 919 3010 consultandomi
949 2941 985 3007 in
1015 2951 1136 3028 questo
1166 2962 1295 3022 mezzo;

102 3058 209 3137 quando
223 3059 255 3126 la
270 3080 355 3126 cosa
370 3057 461 3125 dessi
477 3059 595 3143 luogo,
614 3056 731 3124 auanti
746 3059 811 3126 che
827 3059 962 3124 uadano
977 3059 1085 3138 suora,
1099 3055 1147 3123 mi
1159 3057 1298 3124 consul·

101 3166 152 3235 tino
164 3182 194 3238 et
207 3173 233 3240 si
249 3172 376 3260 aspetti
392 3171 550 3260 risposta.
571 3173 609 3238 In
624 3171 809 3241 Germania
825 3181 860 3240 et
875 3173 968 3259 negl’
982 3170 1059 3238 altri
1071 3171 1204 3259 luoghi,
1219 3171 1298 3238 uni-

101 3288 489 3374 uersaimenteparlando,
508 3309 590 3373 pare
605 3286 635 3354 si
651 3286 774 3354 debbia
790 3287 938 3374 guardar
962 3288 1073 3372 quella
1094 3288 1214 3374 regula
1234 3289 1298 3355 che

100 3393 116 3458 il
131 3405 284 3472 consessor
315 3403 367 3470 sia
388 3403 479 3470 uisto
505 3402 561 3470 del
588 3423 780 3490 compagno
807 3402 944 3487 quando
971 3403 1126 3468 consessa
1153 3403 1298 3487 qualche

101 3511 188 3584 donna
201 3517 234 3586 in
248 3540 342 3601 casa;
361 3528 483 3604 questo
500 3520 582 3604 perd
599 3517 628 3585 si
643 3519 688 3584 ha
703 3518 748 3584 de
766 3517 944 3586 intendere
964 3516 999 3582 in
1020 3526 1148 3602 quanto
1176 3517 1205 3583 si
1228 3519 1297 3604 pud

103 3631 308 3702 noralrnente:
333 3635 427 3702 doue
447 3654 515 3700 non
536 3631 566 3700 si
589 3631 727 3720 potessi,
750 3635 878 3700 hauera
897 3632 973 3701 loco
993 3633 1026 3697 la
1046 3631 1295 3718 dispensacion.

104 3740 214 3823 Quanto
235 3751 265 3816 al
286 3752 350 3818 dar
370 3747 548 3836 conseglio
570 3747 605 3815 in
626 3747 801 3835 Hispruch
820 3769 921 3835 sopra
940 3747 965 3814 il
984 3746 1192 3814 monasterio
1218 3747 1298 3816 delli

107 3851 173 3938 irati,
188 3872 261 3946 ete,
278 3865 360 3950 quel
376 3867 441 3933 che
457 3863 503 3930 mi
520 3885 601 3951 pare
617 3863 650 3944 ὲ,
667 3865 731 3930 che
746 3862 770 3929 li
785 3863 893 3930 nostri
908 3884 978 3931 non
989 3884 1027 3931 se
1042 3863 1295 3930 intromettano.

105 3967 140 4036 Se
151 3978 303 4048 accadessi
320 3982 386 4046 che
402 3977 568 4046 intrasino
583 3979 696 4064 quelle
713 3988 765 4048 tre
780 3999 926 4066 persone
941 3978 997 4046 nel
1013 3978 1108 4044 detto
1124 3988 1298 4045 monaste-

106 4079 151 4164 rio,
164 4087 184 4152 li
196 4095 295 4161 nostri
310 4105 480 4182 potranno
496 4093 623 4163 sentire
639 4093 690 4161 lor
710 4093 931 4174 confessioni,
951 4113 1053 4160 senza
1068 4092 1195 4161 intrare
1215 4095 1298 4180 peri>

105 4193 199 4268 dentro
211 4206 261 4274 del
275 4209 492 4277 monasterio.
511 4209 587 4277 Con
602 4211 625 4275 l’
643 4209 727 4277 altre
744 4209 924 4291 monache,
943 4229 981 4277 se
997 4207 1032 4274 ui
1048 4207 1194 4288 fussino‚
1213 4229 1298 4275 con-

105 4317 180 4380 nerra
201 4341 371 4393 osserunre
393 4335 511 4392 nostro
532 4323 701 4391 instituto.
732 4324 798 4391 Del
820 4332 935 4392 entrar
958 4324 1082 4390 dentro
1103 4321 1158 4390 del
1178 4332 1296 4390 nostro

104 4424 219 4515 collegio
232 4438 316 4506 odel
326 4443 427 4506 horto
439 4440 533 4508 dette
546 4438 697 4526 signore,
711 4461 793 4526 pare
809 4439 859 4507 sia
873 4438 1044 4526 prohibito
1057 4461 1119 4526 per
1131 4462 1178 4507 un
1188 4440 1296 4508 breue

108 4529 281 4560 Ἢ

110 4660 115 4671 ‚
146 4585 153 4616 ¹
182 4587 327 4654 Decretum
338 4614 376 4668 40
388 4598 536 4656 secundae
549 4599 788 4672 congregationis
800 4599 961 4672 generalis,
975 4599 1026 4658 ubi
1043 4599 1182 4658 statuitur
1199 4599 1297 4656 socios

108 4677 130 4720 ¹⁰
140 4673 199 4730 flulis
208 4681 371 4760 principum,
387 4687 444 4744 nisi
456 4687 493 4743 ad
506 4689 651 4761 perbreve
664 4695 792 4762 ternpus,
807 4687 927 4744 minime
940 4687 1073 4744 habitare
1086 4686 1207 4746 debere.
