3318 5376
495 494 528 550 14
546 480 734 537 Novenenrs
756 479 825 552 1566
1183 479 1233 535 301

87 635 172 702 debhe
186 636 257 704 lare.
274 635 350 702 Con
366 645 490 720 questa
510 655 633 702 sarano
652 643 682 716 ⁸,
699 644 734 701 et
755 633 780 700 li
795 632 887 700 nomi
902 634 946 702 de
961 632 1016 699 chi
1032 635 1052 700 e
1067 636 1220 720 ogn’una
1235 634 1271 702 in

89 773 138 816 nna
150 751 304 830 schedula,
322 763 359 819 et
374 751 407 816 le
423 751 548 817 mando
564 772 668 818 senza
684 749 794 833 titolo,
812 750 937 836 perche
953 750 986 816 la
1001 751 1043 816 P.
1062 751 1106 830 V.
1130 749 1218 816 ueda
1234 771 1273 822 sc

88 867 211 952 hparerd
224 888 289 934 non
303 866 379 932 dire
394 865 438 932 de
454 866 510 932 chi
522 887 607 932 sono
619 866 652 933 le
664 863 826 951 opinioni.

138 998 162 1063 7.
201 983 235 1048 ln
250 981 433 1049 Monachio
449 980 508 1066 (mi
529 1002 593 1046 son
609 981 765 1047 scordato
786 979 861 1048 dire
881 978 916 1044 di
932 980 1043 1066 sopra)
1064 989 1117 1045 sta
1132 1001 1179 1047 un
1198 980 1274 1047 leo-

90 1095 185 1176 diense,
200 1095 269 1163 cioe
286 1101 388 1164 Mtro.
418 1095 600 1182 Raynerio,
629 1098 695 1162 che
720 1096 824 1183 legge
849 1104 885 1164 et
900 1097 945 1162 ha
960 1095 1044 1161 letto
1065 1095 1145 1161 tutti
1160 1094 1273 1180 questi

89 1211 144 1276 anni
156 1211 325 1292 rhetorica,
343 1222 380 1281 et
391 1212 450 1299 gia
461 1222 579 1278 nostro
592 1214 630 1278 P.
647 1213 748 1278 Mtr0.
767 1212 904 1296 Laynez
918 1210 943 1276 li
955 1213 1090 1282 haueua
1105 1214 1226 1278 offerto
1238 1209 1273 1277 di

87 1327 146 1392 farlo
157 1329 262 1393 andar'
275 1349 295 1392 a
312 1329 433 1407 Roma,
451 1338 486 1394 et
501 1328 533 1393 io
549 1348 612 1394 son
627 1335 678 1394 tre
694 1325 775 1392 anni
787 1329 851 1392 che
863 1325 886 1391 li
903 1327 1025 1394 offerse
1036 1327 1060 1392 il
1072 1326 1270 1409 medesimo,

85 1440 169 1508 etdisi
181 1445 240 1510 che
254 1443 289 1508 lo
311 1443 532 1522 mandaseno,
555 1452 590 1508 et
607 1441 840 1509 ultimamente
856 1441 976 1508 adesso
993 1453 1114 1526 questo
1130 1441 1277 1528 Giugno

85 1557 182 1622 ordinai
195 1560 257 1626 che
273 1557 342 1624 fusi
356 1557 531 1637 mandato,
545 1563 576 1622 el
589 1561 702 1622 tomen
718 1577 787 1622 non
803 1577 842 1622 so
854 1577 915 1642 per
930 1557 995 1623 che
1010 1555 1188 1623 occasione
1205 1577 1274 1622 non

84 1673 317 1753 lonandorono,
339 1672 363 1738 il
389 1674 455 1740 che
480 1671 537 1738 mi'
549 1671 747 1758 dispiacque
762 1669 862 1752 assai,
880 1681 916 1736 et
935 1681 1030 1737 certo
1047 1673 1093 1738 ho
1117 1692 1275 1758 compas-

85 1785 196 1852 sionedi
211 1787 289 1872 quel
305 1798 470 1874 pouereto
487 1787 587 1854 assai.
607 1789 664 1854 Ho
676 1787 771 1855 detto
787 1808 808 1852 a
823 1788 924 1853 Mtro.
944 1785 1083 1853 Canisio
1101 1799 1135 1855 et
1155 1787 1188 1853 al
1204 1796 1275 1855 ret·

86 1913 138 1967 tore
149 1903 186 1970 de
195 1903 376 1970 Monachio
390 1902 528 1969 dinanzi
543 1924 564 1968 a
578 1902 639 1982 lui,
656 1904 721 1970 che
737 1923 796 1988 per
810 1901 934 1968 nisuna
950 1922 1030 1968 cosa
1051 1912 1086 1970 et
1106 1901 1276 1970 necessita

85 2016 182 2083 laseino
194 2017 226 2083 di
241 2017 419 2084 mandarlo
433 2018 457 2082 l'
476 2038 565 2084 anno
582 2019 646 2086 che
661 2016 773 2084 viene.
788 2016 875 2083 Dico
891 2026 1013 2102 questo
1029 2039 1050 2084 a
1065 2019 1108 2084 V.
1128 2019 1184 2097 P.,
1199 2037 1276 2102 spe·

87 2131 166 2197 rando
178 2135 238 2198 che
252 2135 465 2198 confermarai
480 2131 504 2197 il
520 2130 717 2213 medesimo,
740 2131 802 2200 etb
821 2153 928 2218 penso
955 2134 1060 2198 esser'
1085 2131 1279 2200 necessario

87 2267 129 2332 per
141 2249 233 2317 molle
247 2270 365 2330 cause,
390 2257 457 2313 etc.

133 2363 158 2428 8.
200 2365 237 2430 ln
252 2365 416 2449 Augusta
430 2362 459 2428 si
476 2383 568 2429 mese
584 2371 806 2430 suauemente
822 2383 882 2448 per
897 2362 1071 2447 superiore
1088 2362 1112 2427 il
1128 2363 1169 2429 P.
1189 2365 1282 2431 Gre-

86 2478 164 2561 gorio:
179 2482 221 2545 ha
236 2479 281 2545 da
296 2477 502 2546 corninciare
521 2498 542 2542 a
563 2477 729 2563 predicar'
751 2477 785 2544 la
805 2476 974 2544 dominica
991 2481 1055 2545 che
1071 2477 1183 2561 viene,
1206 2479 1282 2546 cioe

86 2592 125 2657 alli
139 2611 170 2675 17
184 2595 225 2662 de
241 2604 364 2680 questo
381 2612 486 2674 mese3
505 2602 539 2659 et
557 2594 703 2660 Hermes
719 2593 879 2660 dvenuto
895 2591 953 2679 gia
965 2615 1043 2678 qua,
1059 2604 1094 2660 et
1105 2598 1133 2660 s'
1148 2615 1283 2680 occupa

86 2705 179 2776 inlare
195 2708 332 2776 alchuni
360 2707 462 2793 pochi
488 2706 668 2792 essercitij.
700 2708 857 2774 Hauemo
885 2718 984 2794 posto
1012 2708 1048 2774 in
1075 2711 1237 2795 Augusta
1257 2709 1284 2776 il

88 2821 116 2885 P.
137 2824 325 2891 balthasaro
353 2825 499 2890 bauaro:
529 2821 552 2886 il
580 2822 681 2907 quale
707 2823 727 2888 ἐ
754 2832 843 2890 stato
874 2822 909 2889 in
940 2825 1065 2911 Praga,
1095 2825 1281 2910 Tyrnauia,

90 2935 202 3021 Vienna,
219 2949 253 3006 et
266 2937 314 3004 mi
329 2937 491 3003 dimandd
507 2936 566 3018 lui,
585 2947 620 3004 et
637 2939 785 3004 anchora
802 2937 905 3022 quelli
922 2939 1036 3018 Padri,
1055 2941 1119 3008 che
1137 2941 1168 3006 lo
1184 2963 1283 3006 man-

88 3050 193 3120 dasemo
206 3077 227 3120 a
242 3065 364 3139 questa
380 3051 567 3139 prouincia.
587 3052 649 3120 Sta
661 3051 790 3136 quiet0,
805 3063 840 3118 et
856 3056 980 3138 puotra
996 3053 1126 3122 seruire
1143 3077 1204 3141 per
1217 3057 1282 3122 lar*

88 3183 136 3233 nna
144 3172 250 3236 schola
263 3170 354 3238 delle
370 3169 437 3235 due
460 3171 524 3235 che
539 3169 568 3235 s'
586 3170 702 3234 hanno
722 3167 855 3236 offerito
871 3169 904 3233 al
926 3169 1098 3238 cardinale
1114 3169 1195 3236 farsi
1213 3171 1283 3256 pri-

90 3293 260 3365 uatamente,
290 3285 404 3350 dando
427 3285 498 3352 Sua
526 3284 564 3351 S.
594 3285 692 3350 Rma.
711 3286 769 3348 vn’
792 3283 877 3349 altra
904 3305 995 3364 casa,
1021 3304 1118 3354 corne
1139 3288 1183 3351 ha
1202 3308 1284 3372 pro-

89 3413 180 3464 nesso.
195 3401 240 3467 Di
255 3401 358 3466 modo
371 3401 435 3466 che
451 3418 518 3464 con
531 3398 635 3464 molta
653 3397 778 3464 facilita
794 3419 893 3484 spero
910 3397 1121 3466 satisfaremo
1134 3411 1159 3466 a
1170 3402 1285 3485 quello
1353 3448 1355 3454 .

90 3510 135 3578 che
147 3514 176 3579 fu
191 3536 362 3601 promesso
378 3515 409 3580 al
425 3512 613 3593 cardinale,
634 3522 684 3581 tre
701 3512 780 3580 anni
796 3533 894 3594 sono,
912 3524 947 3580 et
958 3513 1129 3581 leuaremo
1147 3515 1170 3581 il
1185 3537 1284 3582 scru-

91 3626 149 3705 pulo
160 3627 331 3717 dipigliar’
350 3630 383 3695 la
396 3628 561 3696 lemosina
576 3628 632 3695 dal
647 3627 818 3696 cardinale
839 3638 874 3694 et
888 3628 969 3695 dalli
992 3629 1159 3696 canonici.
1185 3632 1284 3700 Delle

93 3757 151 3810 cose
162 3745 198 3812 de
211 3745 362 3832 Dilinga,
381 3765 450 3810 non
465 3745 611 3812 essendo
626 3742 734 3825 finite,
752 3745 876 3829 perche
892 3747 1041 3811 anchora
1062 3747 1107 3810 ho
1129 3746 1174 3813 da
1193 3756 1286 3814 stare

95 3855 137 3936 qui
148 3867 222 3927 treo
246 3871 370 3946 quatro
396 3858 523 3946 giorni,
552 3881 624 3925 non
650 3857 775 3940 scriuo;
799 3868 833 3926 et
859 3879 896 3924 se
923 3880 993 3925 non
1016 3861 1049 3926 lo
1070 3864 1193 3946 puotrb
1214 3863 1287 3930 fare

96 3974 183 4039 aranti
195 3977 278 4044 della
294 3975 419 4063 partita
438 3973 472 4041 di
489 3973 559 4060 qui,
583 3975 617 4039 lo
645 3974 717 4041 sard
743 3973 779 4040 in
796 3973 1005 4060 Herbipolic
1027 3996 1092 4042 con
1114 3977 1146 4043 la
1167 3977 1285 4044 diuina

97 4087 232 4170 gratia,et
246 4095 384 4179 portare
406 4091 438 4158 le
458 4091 578 4158 lettere
602 4090 625 4156 il
644 4092 682 4156 P.
705 4089 842 4157 Canisio
870 4093 935 4157 che
962 4095 1063 4159 uerrd
1078 4113 1143 4158 con
1165 4115 1232 4174 me;
1255 4095 1287 4159 s’

97 4194 183 4268 hanno
196 4211 303 4274 tamen
322 4207 504 4276 emendato
527 4216 578 4272 tre
594 4227 615 4272 o
635 4215 757 4290 quatro
781 4205 877 4291 loghi
893 4206 982 4272 della
1004 4206 1215 4295 obligatione
1230 4209 1286 4274 del

97 4316 243 4404 cardinale,
265 4345 319 4390 rna
339 4344 409 4390 non
427 4325 548 4408 puotra
569 4321 695 4388 andare
716 4320 833 4389 niente
855 4333 977 4406 questa
998 4322 1189 4392 settimana.
1208 4326 1290 4392 Non

102 4483 276 4510 3—-

140 4598 153 4630 ⁸
173 4601 282 4661 7verba
297 4616 384 4672 seqq.
404 4615 492 4670 supra
509 4613 590 4652 vers.
612 4595 723 4653 addidit
740 4597 808 4652 libr.
820 4597 867 4640 -b
883 4597 968 4653 Hanc
987 4597 1159 4669 particulam
1176 4599 1292 4656 addidit

103 4685 169 4745 ‘llra
178 4699 249 4742 vers.
264 4687 388 4745 libe-2
419 4703 437 4757 4
449 4689 540 4743 verba
553 4703 637 4760 seqq.
655 4703 743 4759 supra
755 4703 834 4742 vers.
853 4686 965 4743 addidit
977 4687 1047 4743 libr.
