3494 5392
591 541 609 599 7
628 529 804 588 Fuaauanu
824 531 893 602 1566

702 679 786 742 ΒΜ

478 784 514 844 s,
537 787 787 847 maucrscus
806 791 860 847 ua
878 790 1007 863 BORJA

374 885 538 952 PATRI
575 888 895 958 HIERONYMO
930 894 1115 962 NADAL

507 1013 629 1073 nouae,
648 1013 665 1072 7
683 1015 855 1060 ruaauaan
877 1007 945 1074 1566
966 1011 986 1062 ¹.

204 1097 355 1153 lastrueiio
367 1099 406 1154 cle
417 1100 537 1155 ratione
548 1101 677 1156 tenenda
689 1101 724 1156 in
736 1105 930 1174 exsequendis
937 1105 1092 1180 pontificis
1104 1109 1259 1164 mandatis
1270 1111 1303 1165 in

571 1193 717 1245 conventu
729 1196 918 1265 augustano.

217 1295 298 1350 JE'US.
317 1296 451 1340 mcoum
468 1297 530 1340 PER
549 1299 579 1341 11.
592 1297 623 1343 P.
642 1299 748 1344 Natat.
767 1300 833 1344 CON
850 1301 880 1345 Ll
900 1302 1075 1358 contusum,
1094 1305 1156 1349 PER
1175 1305 1283 1352 CONTO

149 1393 183 1436 D!
190 1393 224 1436 tt
232 1393 374 1437 utsstorttt
384 1393 576 1438 mutemus
584 1395 648 1441 nat.
657 1395 740 1438 Para
751 1398 804 1442 ΗΟ
814 1397 845 1455 V,
851 1399 933 1442 atto
942 1399 1038 1444 blata
1048 1392 1059 1424 ¹
1070 1401 1102 1444 m
1111 1401 1231 1446 vmttrta
1237 1402 1265 1462 Ι,
1275 1393 1354 1462 1566.

206 1516 230 1564 1.
276 1497 404 1565 Primo.
420 1497 558 1585 Piglino
574 1499 608 1565 in
620 1498 740 1567 scritto
751 1500 968 1571 l'intentione
982 1503 1017 1569 di
1033 1506 1105 1574 Sua
1120 1507 1192 1576 Sl*
1210 1529 1270 1593 per
1282 1531 1354 1574 non

148 1612 351 1694 sinenticarsi,
365 1624 402 1680 et
417 1614 600 1700 procurino
615 1614 797 1702 eseguirla.

188 1829 202 1860 ι
231 1819 272 1872 Ita
294 1818 325 1874 in
342 1819 514 1891 archetypo,
531 1818 584 1874 sed
601 1835 682 1874 error
697 1821 775 1876 clare
792 1829 924 1894 apparet,
941 1839 1009 1878 nam
1025 1832 1189 1882 conventus
1207 1841 1265 1882 non
1281 1827 1351 1883 Vin·

142 1905 271 1974 dobonae,
295 1907 349 1963 sed
372 1909 527 1978 Augustae
545 1908 662 1964 habitus
683 1917 745 1977 est,
759 1918 792 1965 ut
813 1910 843 1965 in
864 1911 921 1966 lroc
942 1911 1006 1984 ipso
1029 1912 1206 1970 documento
1234 1917 1351 1988 saepius

141 1998 310 2068 supponitur,
324 2006 356 2052 et
368 1997 440 2052 alias
453 2003 557 2052 notum
570 2005 629 2052 est.

181 2157 190 2190 ·
225 2157 268 2212 Ex
281 2157 455 2228 archetypo,
467 2155 499 2211 in
511 2155 624 2228 codice,
636 2155 684 2212 cui
701 2157 804 2213 titulus
816 2157 945 2214 Decreta
954 2165 983 2214 ei
993 2161 1205 2218 instructiones
1217 2175 1350 2236 154073,

135 2243 178 2301 fol.
191 2261 251 2317 249.
266 2247 332 2301 Hoc
343 2245 554 2301 documentum
563 2243 694 2301 continet
707 2245 927 2317 instructiones,
936 2265 954 2302 a
962 2258 1064 2304 sancto
1074 2249 1230 2307 Francisco
1242 2252 1350 2324 borgia

133 2335 219 2391 Natali
232 2335 366 2400 traditas,
379 2351 447 2390 cum
461 2333 545 2390 illum
558 2332 588 2389 in
600 2333 799 2408 Germaniam,
813 2335 958 2392 Ledesma
970 2337 1090 2410 comite,
1100 2339 1186 2410 jussu
1198 2341 1268 2397 novi
1280 2358 1350 2414 pon·

131 2424 218 2492 ateis,
236 2425 332 2480 sancti
353 2423 400 2478 Pii
420 2424 458 2487 V,
479 2422 559 2478 misit
576 2422 613 2478 ad
636 2434 815 2480 conventum
832 2434 1040 2497 augustanum.
1057 2429 1125 2482 Duo
1144 2429 1290 2485 habentur
1306 2431 1349 2486 in-

129 2514 296 2570 structiones
308 2511 415 2568 eodem
427 2518 562 2584 tempore
576 2511 674 2568 Natali
687 2512 825 2569 traditae.
843 2515 877 2568 In
894 2516 958 2586 hac,
972 2532 1060 2588 quam
1074 2515 1167 2588 primo
1185 2518 1250 2574 loco
1266 2519 1349 2591 poni·

130 2622 196 2675 mus,
208 2605 399 2661 continentur
412 2619 458 2674 ea,
467 2619 544 2675 quae
553 2601 591 2657 ad
600 2601 747 2674 pontificis
753 2601 836 2674 jussa
845 2611 981 2659 accurate
991 2605 1178 2678 exsequenda
1188 2605 1346 2663 faciebant.

129 2693 157 2750 ln
172 2693 299 2750 secunda
318 2709 390 2746 vero
406 2709 452 2756 ea,
475 2707 551 2764 quae
568 2689 605 2746 ad
628 2690 843 2763 provinciarum
861 2692 1047 2764 Germaniae,
1066 2694 1162 2765 Belgii
1180 2702 1211 2751 et
1233 2695 1348 2752 Galliae

129 2779 333 2852 inspectionem
346 2779 536 2850 spectabant.
553 2775 638 2831 Licet
650 2794 721 2832 vero
735 2777 772 2832 de
790 2777 850 2849 die,
868 2796 925 2851 qua
942 2778 1029 2835 datae
1045 2779 1156 2837 fuerint
1167 2782 1222 2837 hae
1241 2781 1348 2838 instru-

128 2869 244 2934 ctiones,
258 2885 318 2924 non
327 2873 445 2922 constet
457 2867 489 2922 in
501 2881 589 2938 supra
600 2865 680 2922 dicto
688 2866 801 2938 codice,
811 2874 910 2922 nmen
920 2867 968 2924 die
982 2881 999 2937 7
1012 2869 1174 2940 Februarii,
1184 2888 1242 2944 qua
1254 2871 1346 2926 Roma

129 2957 245 3030 profecti
258 2965 328 3013 sunt
340 2955 456 3012 Natalis
466 2963 498 3010 et
509 2954 664 3026 Ledesma,
682 2957 730 3010 vel
748 2958 835 3028 paulo
848 2964 927 3022 ante,
942 2957 1067 3012 traditae
1088 2958 1180 3014 fuisse
1197 2959 1346 3016 videntur.

128 3046 304 3118 Essscripsit
317 3045 439 3101 Polanci
451 3043 601 3112 librarius,
618 3043 682 3115 ipse
699 3053 799 3099 autem
816 3045 961 3100 Polancus
978 3047 1092 3118 propria
1110 3065 1196 3103 manu
1214 3049 1348 3105 exaravit

128 3138 171 3192 illa
182 3137 272 3191 verba
284 3133 365 3190 tituli
382 3134 441 3188 Pio
460 3133 531 3188 V...
552 3133 587 3188 in
605 3132 734 3200 Vienna,·
747 3141 778 3189 et
790 3134 819 3189 in
832 3136 1012 3208 paragrapho
1024 3137 1080 3191 sub
1093 3135 1154 3194 n.6
1170 3137 1276 3210 posita,
1291 3137 1346 3193 tria

128 3225 215 3298 priora
226 3226 319 3280 uerba
332 3223 371 3278 Se
384 3223 505 3294 porussi
517 3221 563 3276 al.
1092 3300 1098 3314 Ι

174 3321 185 3350 ’
220 3313 313 3371 «Cum
323 3310 542 3367 Maximilianus
550 3311 722 3382 Imperator,
734 3309 906 3368 imminente
918 3313 1014 3368 Turca
1027 3313 1206 3386 Pannoniae,
1217 3332 1346 3372 conuen-

128 3415 183 3460 tum
196 3405 347 3474 Augustae
360 3398 581 3454 Vindelicorum
594 3399 631 3455 de
648 3398 761 3454 ratione
779 3399 851 3456 belli
866 3401 990 3471 gerendi
1007 3400 1160 3472 edixisset,
1175 3403 1271 3477 deque
1289 3404 1345 3460 Re·

129 3492 236 3565 ligionis
247 3492 336 3547 rebus
349 3488 437 3544 simul
449 3487 619 3559 agitandum
633 3486 664 3543 in
678 3505 716 3544 eo
729 3497 878 3544 conuentu
890 3507 989 3546 rumor
1001 3490 1103 3563 ferret,
1113 3491 1191 3565 quod
1201 3501 1283 3550 tanto
1295 3510 1344 3548 cu·

129 3601 183 3638 ram
194 3580 353 3637 incutiebat
365 3578 452 3635 bonis
466 3576 616 3646 maiorem,
627 3585 737 3650 quanto
750 3576 885 3634 Caesaris
898 3579 1026 3636 animum
1039 3579 1117 3636 idem
1135 3599 1234 3637 rumor
1252 3582 1345 3638 incer-

132 3671 225 3726 tiorem
242 3669 366 3738 ferebat3
386 3667 470 3723 iubet
485 3663 622 3722 Pontifex
638 3665 687 3722 edi
704 3665 762 3722 sibi
779 3667 898 3724 nomina
912 3686 1025 3740 eorum,
1041 3669 1101 3742 qui,
1120 3687 1187 3726 cum
1205 3670 1242 3725 ad
1260 3671 1342 3739 alias,

133 3771 188 3814 tum
206 3759 241 3814 ad
260 3761 334 3814 hanc
356 3754 529 3812 nominatim
545 3753 763 3827 expeditionem
781 3755 880 3813 idonei
901 3755 1010 3814 forent.
1021 3799 1047 3815 ..
1069 3760 1132 3815 Nec
1155 3759 1254 3816 multis
1276 3769 1344 3832 post

134 3848 237 3916 diebos,
247 3867 283 3904 ex
293 3845 413 3918 triginta
423 3843 527 3916 ferme,
536 3843 587 3916 qul
600 3844 741 3900 nominati
754 3843 884 3902 fixerant.
893 3885 902 3900 .
911 3884 933 3917 .,
948 3846 985 3901 ad
999 3847 1206 3919 Augustanum
1216 3864 1344 3904 conuen-

136 3945 191 3992 tum
202 3937 406 4008 Hieronymum
423 3933 571 4006 Natalem,
588 3942 619 3989 et
635 3933 774 3990 Iacobum
793 3934 967 3991 Ledesmam
986 3935 1128 4008 selegit.»
1147 3937 1342 3994 Saeculum.

138 4027 206 4083 isat.
219 4029 283 4084 Soc.
292 4027 319 4099 J
321 4067 345 4098 .,
357 4033 432 4098 part.
446 4023 502 4095 111,
514 4023 566 4080 lib.
579 4024 620 4095 II,
629 4041 684 4080 nn.
700 4039 728 4096 4,
743 4037 769 4094 5.
785 4025 816 4080 si
829 4033 928 4081 autem
938 4025 1061 4097 fontem,
1075 4025 1153 4082 unde
1162 4029 1235 4083 haec
1245 4027 1343 4083 hausit

135 4116 289 4185 Satobinm,
298 4114 403 4188 aliquis
412 4113 490 4169 scire
498 4121 596 4178 aveat,
606 4130 644 4169 en
657 4113 777 4169 Polanci
789 4114 958 4187 chronicon,
968 4115 1005 4171 ad
1018 4133 1126 4172 annum
1143 4115 1211 4187 1566
1223 4125 1254 4172 et
1267 4120 1343 4174 ultra

136 4221 165 4260 se
176 4206 349 4276 protendens,
368 4203 420 4260 ubi
436 4205 511 4258 haec
527 4202 643 4274 propria
660 4219 747 4258 manu
766 4202 875 4275 scripta
891 4203 977 4260 nobis
995 4204 1122 4278 reliquit:
1142 4205 1234 4263 «Cum
1253 4207 1343 4279 septi·

136 4311 176 4350 ma
185 4294 227 4350 die
237 4292 364 4368 Januarii
382 4293 455 4348 Pius
469 4307 544 4363 papa
557 4290 584 4344 V
596 4307 728 4348 summus
738 4291 880 4364 pontifex,
892 4291 993 4348 diuino
1002 4293 1100 4365 potius
1110 4312 1197 4368 quam
1213 4296 1341 4350 humano

134 4383 236 4441 consilo
247 4386 356 4442 electus
369 4379 489 4449 fuisset,
503 4378 590 4436 Pater
602 4388 703 4436 noster
720 4381 904 4453 praepositus
920 4383 1068 4453 generalis
1086 4401 1153 4439 eum
1171 4386 1341 4457 paulopost

134 4472 207 4530 adluit
217 4492 280 4531 cum
291 4473 349 4530 alio
362 4469 530 4537 sacerdote,
544 4475 575 4524 et
592 4455 721 4542 b'enigne
738 4467 894 4526 admodum
908 4479 955 4528 est
967 4489 1019 4527 eos
1032 4473 1188 4540 allocutus,
1202 4481 1233 4529 et
1244 4474 1340 4530 consi·

131 4563 161 4619 llo
169 4573 196 4620 et
206 4563 311 4620 auxilio
324 4557 486 4617 Societatis
497 4574 531 4613 se
543 4559 621 4614 velle
631 4559 675 4614 vti
687 4556 876 4630 significauit.
887 4559 962 4616 Cum
973 4568 1084 4633 autem,
1094 4575 1126 4617 21
1141 4561 1284 4633 Januarii,
1300 4565 1340 4616 2.⁰

129 4671 180 4712 eum
191 4655 317 4724 adiisset,
332 4659 365 4708 et
385 4645 597 4719 obedientiam,
610 4663 665 4704 suo
678 4655 708 4703 et
721 4648 812 4704 totius
825 4648 982 4706 Societatis
995 4649 1125 4720 nomine,
1138 4649 1217 4707 circa
1226 4650 1340 4708 missio-

125 4763 164 4804 uer
171 4765 218 4822 pro
227 4743 358 4805 instituti
369 4737 467 4797 nostri
477 4735 601 4810 ratione,
610 4735 700 4793 etiam
710 4736 787 4794 inter
798 4738 962 4795 haereticos
973 4746 1003 4794 et
1013 4737 1159 4812 infideles,
1170 4739 1338 4806 obtulisset,
