3322 5370
413 473 467 532 368
798 473 902 530 Enrsr.
922 471 956 528 P.
977 470 1180 542 Naum-463

373 627 535 694 mandare
551 625 584 691 la
600 623 799 692 fundatione
814 623 850 692 di
871 623 970 710 Spita
991 623 1175 706 autentica,
1194 623 1294 710 quale
1309 620 1337 688 s'
1352 623 1488 691 haueua
1502 645 1521 690 a
1535 624 1589 690 sti-

372 741 492 828 pulare
515 741 572 808 nel
593 739 741 826 capitolo
765 741 926 826 generale
948 741 1012 808 che
1038 743 1066 805 s'
1084 742 1130 806 ha
1148 748 1359 826 congregato
1379 736 1402 802 il
1422 737 1587 824 giornodi

372 857 442 925 8.ιο
452 854 617 934 Antoni0,
635 856 700 922 che
716 854 850 923 subieri
864 855 888 920 l'
901 855 988 921 altro
1004 857 1026 936 ¹,
1044 864 1079 923 et
1090 855 1161 920 cosi
1173 853 1339 941 speriarno
1350 853 1407 918 ch'
1419 852 1486 919 alla
1498 853 1583 920 ritor-

372 979 453 1037 nata
468 990 543 1051 sua,
557 971 622 1038 che
634 973 709 1036 sara
727 969 776 1036 fra
792 979 865 1036 otto
877 967 989 1056 giomi
1005 969 1144 1052 incirca,
1158 971 1295 1035 trouara
1310 966 1368 1053 qui
1381 966 1405 1033 il
1417 971 1458 1035 P.
1473 969 1585 1036 Natale

369 1086 392 1151 l'
406 1084 633 1152 instrumento
647 1083 735 1152 della
748 1083 943 1165 donatione,
957 1093 1039 1164 etc,
1054 1085 1155 1170 quale
1167 1085 1327 1150 mandata
1339 1083 1363 1148 il
1377 1085 1417 1149 P.
1433 1083 1581 1162 Hermes

369 1211 404 1269 et
420 1200 570 1268 secondo
586 1201 655 1291 che¹
665 1200 710 1266 ha
726 1197 856 1279 scritto,
874 1197 903 1266 si
919 1197 992 1266 fara
1006 1191 1156 1267 secondo
1172 1197 1352 1285 ssdisegno
1365 1207 1401 1268 et
1412 1197 1584 1267 direttione

370 1317 425 1382 ch'
443 1315 467 1382 il
492 1317 531 1382 P.
555 1315 677 1384 Natale
697 1318 742 1382 ha
767 1316 858 1381 dato.
882 1315 977 1383 Sono
998 1315 1103 1381 molto
1122 1325 1270 1383 acettea
1289 1312 1393 1398 quelli
1414 1313 1540 1400 signori
1558 1314 1585 1378 le

369 1427 531 1516 prediche
546 1430 602 1497 del
620 1432 659 1497 P.
679 1432 826 1499 Hermes
838 1431 863 1511 ²,
882 1440 917 1498 et
938 1429 986 1496 lui
1010 1441 1063 1497 sta
1078 1430 1184 1497 molto
1205 1439 1369 1497 contento
1392 1437 1428 1494 et
1448 1427 1585 1494 animato

370 1545 427 1612 nel
442 1542 590 1630 Signore
604 1545 647 1612 ad
663 1545 794 1615 aiutare
809 1545 845 1612 in
865 1545 977 1630 quella
998 1565 1119 1613 messe.
1137 1544 1258 1614 Scriue
1273 1544 1329 1610 ch'
1347 1543 1371 1608 il
1391 1543 1584 1611 scholastico

369 1657 405 1724 di
420 1657 519 1746 Spita
535 1659 547 1693 ¹
564 1660 608 1746 (al
624 1661 723 1745 quale
738 1668 886 1728 comette
906 1659 929 1726 il
949 1658 1098 1746 capitulo
1118 1658 1442 1727 ordinariamenteli
1466 1655 1583 1744 negotii

369 1772 577 1858 imponenti,
595 1785 630 1842 et
646 1777 690 1840 ha
705 1795 830 1841 ancora
845 1794 1001 1842 comesso
1017 1785 1139 1859 questo
1153 1773 1242 1840 della
1259 1772 1467 1860 fundatione)
1485 1772 1513 1839 si
1528 1793 1581 1837 uo—

368 1888 447 1954 leua
462 1889 647 1956 confessar'
665 1890 920 1976 generalmente
931 1889 975 1956 da
990 1888 1050 1974 luj.
1065 1889 1092 1955 11
1106 1890 1144 1955 Ρ.
1161 1890 1283 1958 Natale
1295 1909 1365 1955 non
1376 1889 1397 1956 ἑ
1408 1908 1495 1974 poco
1506 1907 1580 1952 con-

366 2002 476 2069 solato
491 2002 525 2068 di
542 2003 654 2087 questi
670 2003 773 2069 buoni
790 2001 955 2089 principii.
975 2002 1070 2069 Iddio
1086 2013 1203 2070 nostro
1215 2003 1352 2090 signore
1363 2003 1420 2069 dia
1433 2001 1579 2088 maggior

368 2138 553 2204 progresso
570 2139 590 2184 a
605 2115 762 2203 maggior
778 2117 888 2204 gloria
902 2139 967 2184 sua
977 2117 1003 2198 ⁴,
1017 2129 1087 2185 etc.

437 2250 469 2300 2.
518 2234 665 2300 Haueua
686 2231 910 2300 determinato
932 2231 957 2299 il
978 2235 1090 2301 Padre
1109 2231 1298 2314 visitatore,
1316 2234 1466 2302 secondo
1479 2231 1580 2318 quello

367 2348 481 2416 chela
497 2350 540 2413 P.
561 2350 604 2415 V.
623 2346 646 2412 li
662 2346 831 2434 significa,
849 2357 1053 2417 trattenerse
1075 2347 1133 2434 qui
1150 2347 1452 2418 volontariamente
1467 2349 1577 2415 alchun

367 2461 502 2549 giorno,
520 2461 621 2529 etiarn
638 2464 703 2530 che
719 2463 846 2528 hauese
861 2461 959 2528 finito
974 2463 1008 2528 d'
1025 2461 1198 2549 essequire
1213 2461 1249 2529 in
1270 2474 1392 2550 questo
1407 2461 1544 2549 collegio
1557 2459 1576 2524 il
1637 2487 1638 2518 r

366 2597 431 2645 suo
448 2575 646 2659 ministerio,
664 2600 725 2665 per
740 2578 813 2644 dar'
832 2588 946 2664 tempo
961 2578 1017 2646 all'
1034 2578 1212 2646 inbernata
1227 2590 1262 2648 et
1277 2578 1309 2646 al
1324 2599 1388 2646 suo
1408 2579 1529 2648 andare
1548 2575 1575 2639 in

367 2692 576 2775 Brauantia;
603 2715 659 2761 ma
679 2715 748 2760 non
765 2695 841 2760 sara
861 2693 895 2759 di
918 2692 1088 2780 bisognio‚
1106 2693 1300 2780 imperochd
1315 2697 1383 2761 s'e
1405 2701 1575 2762 trattenuto

367 2817 463 2874 tanto
480 2818 595 2893 tempo
611 2809 919 2878 necessariamente
935 2831 996 2896 per
1011 2808 1168 2878 ordinare
1182 2812 1215 2877 le
1229 2830 1310 2876 cose
1325 2809 1360 2875 di
1380 2819 1500 2896 questo
1513 2807 1572 2873 col·

363 2921 470 3010 legio,
488 2933 523 2989 et
539 2922 573 2988 di
589 2924 703 3008 quello
723 2925 766 2992 de
786 2923 987 3004 conuincti,
1006 2925 1151 2994 essendo
1171 2946 1306 3012 sempre
1325 2935 1504 3011 occupato,
1518 2923 1572 2988 che
1636 2991 1637 3024 ,

363 3059 434 3104 non
460 3041 638 3105 accascara
665 3037 862 3125 indugiare,
888 3049 923 3108 et
945 3041 1017 3108 cosi
1037 3041 1152 3127 doppo
1179 3042 1244 3107 che
1270 3039 1320 3106 sia
1347 3039 1508 3106 ritomato
1526 3033 1571 3101 dal

363 3153 463 3219 Rmo.
482 3153 625 3221 elettore
638 3155 663 3234 ³,
681 3175 786 3239 pensa
803 3154 854 3221 fra
869 3153 994 3247 cinque
1010 3176 1031 3221 o
1046 3154 1097 3224 sei
1112 3153 1226 3241 giomi
1241 3154 1367 3220 andare
1386 3154 1418 3221 la
1433 3153 1519 3220 volta
1538 3149 1572 3214 de

362 3266 519 3349 Colonia,
537 3269 627 3337 doue
643 3290 749 3354 penso
764 3273 856 3336 stara
870 3270 903 3336 la
923 3269 1081 3356 maggior
1100 3279 1197 3356 parte
1216 3269 1305 3336 della
1323 3267 1520 3354 quaresima.
1536 3261 1570 3330 Di

362 3381 394 3446 lai
409 3380 537 3451 andara
553 3383 586 3448 in
604 3383 750 3464 Treuiri,
768 3385 858 3452 doue
874 3406 943 3451 non
962 3387 984 3452 e
1003 3388 1152 3452 anchora
1171 3385 1227 3452 dal
1247 3393 1337 3450 tutto
1357 3382 1480 3450 sicurta
1497 3379 1571 3448 della

360 3507 469 3582 peste,
484 3498 559 3568 anzi
572 3521 615 3566 ne
632 3521 736 3568 erano
751 3499 852 3566 morti
867 3499 1018 3580 alchuni,
1032 3499 1132 3586 pochi
1144 3497 1256 3586 giomi
1269 3499 1313 3565 fa.
1328 3499 1427 3566 Della
1438 3497 1531 3564 visita
1542 3491 1569 3558 di
1635 3531 1636 3582 3

362 3621 484 3696 questo
500 3611 645 3698 collegio
661 3624 695 3681 et
711 3635 871 3683 successo
887 3615 976 3682 della
991 3636 1055 3682 sua
1071 3613 1268 3681 fundatione
1279 3614 1362 3681 dara
1373 3612 1397 3680 il
1410 3613 1516 3680 Padre
1526 3607 1568 3675 vi·

359 3725 499 3794 sitatore
514 3727 694 3813 raguaglio
710 3727 745 3794 in
760 3728 962 3814 particolare
973 3730 1039 3796 alla
1056 3732 1096 3795 P.
1115 3731 1158 3796 V.
1174 3729 1288 3815 doppo
1300 3731 1366 3795 che
1380 3727 1429 3796 sia
1440 3735 1566 3795 venuto.

269 3841 272 3850 '
359 3841 438 3908 Non
450 3861 591 3908 occorre
602 3842 689 3909 altro
701 3863 760 3928 per
771 3856 904 3928 questa.
919 3845 1009 3914 Nelli
1021 3843 1109 3912 santi
1121 3843 1278 3913 sacrificii
1289 3853 1324 3911 et
1337 3841 1480 3911 orationi
1492 3839 1567 3908 daila

358 3957 400 4022 P.
419 3957 463 4024 V.
482 3955 702 4024 humilmente
717 3958 749 4024 ci
764 3960 1104 4042 raccommandiamo,
1121 3969 1157 4026 et
1172 3959 1196 4025 il
1211 3959 1320 4026 simile
1336 3959 1372 4024 in
1385 3956 1487 4044 quelli
1501 3949 1569 4024 delli

335 4155 337 4160 Ι
356 4070 436 4138 Rdi.
455 4071 549 4139 Patri
565 4070 748 4158 assistenti,
766 4075 821 4143 del
838 4077 878 4144 P.
899 4076 1059 4155 Polanco,
1078 4078 1118 4143 P.
1136 4073 1314 4155 Madridio,
1329 4083 1395 4142 etc.
1411 4073 1569 4140 Dominus
1634 4073 1635 4132 i

411 4313 419 4346 ¹
460 4311 517 4368 Die
531 4329 575 4368 sc.
596 4325 629 4382 17
643 4313 790 4384 Januarii.
1077 4319 1089 4351 ²
1126 4317 1296 4388 Halpawer.

396 4397 420 4500 '⁸
457 4400 591 4457 Andreas
609 4399 780 4474 Oberstein,
798 4403 956 4460 canonicus
974 4405 1165 4461 scholasticus
1183 4405 1326 4461 ecclesiae
1344 4402 1493 4476 spirensis.
1506 4396 1568 4456 Vide

353 4497 444 4614 θριῗῖ.
456 4502 675 4653 {Sigeipssena
692 4581 745 4646 VI,
760 4581 827 4652 VII,
841 4581 983 4638 XXXVII
996 4591 1026 4639 et
1039 4583 1135 4640 XLII.

406 4669 418 4702 ³
455 4669 572 4725 Elector
586 4670 757 4728 trevirensis
771 4679 834 4726 erat
847 4672 977 4743 Joannes
990 4689 1049 4729 von
1061 4672 1114 4729 der
1126 4673 1242 4746 Leyen.
