3456 5386
448 460 498 538 146
828 457 933 521 Epist.
952 454 986 518 P.
1007 453 1211 536 Nauio-399

477 637 509 687 2.
558 619 690 705 Questa
707 617 891 687 medesima
905 640 1010 686 causa
1025 615 1071 684 mi
1094 616 1127 683 fa
1147 615 1265 686 uenire
1284 615 1320 683 in
1337 637 1404 683 una
1424 611 1637 704 cogitatione

410 737 474 803 che
498 735 615 823 uoglio
638 734 780 802 scriuer'
798 735 867 802 alla·
884 737 920 804 P.
946 736 1002 817 V.,
1019 733 1178 802 accioche
1200 736 1252 800 co'
1270 733 1293 800 l'
1312 732 1421 800 amico
1443 732 1486 802 de
1505 734 1635 800 Rodri-

408 870 500 938 guez
515 853 523 886 ¹
541 850 632 938 possi
649 853 710 918 far'
727 853 832 918 buon'
849 872 951 938 opera
967 871 1027 936 per
1042 851 1162 916 aiutar'
1180 871 1200 916 a
1215 848 1430 936 Alamagnia.
1449 850 1543 918 Sono
1558 851 1633 918 due

407 987 487 1034 cose
503 969 567 1034 che
583 965 699 1054 uoglio
714 966 793 1051 dir',
812 968 934 1049 Padre,
953 969 1016 1032 che
1032 965 1078 1031 mi
1093 987 1219 1054 pareno
1242 987 1262 1031 a
1284 987 1339 1034 me
1361 964 1549 1034 necessarie
1564 987 1631 1052 per

407 1083 603 1151 conseruar'
628 1081 652 1170 li
675 1081 833 1170 catholici
856 1080 891 1149 in
907 1079 1123 1168 Alamagnia,
1146 1080 1367 1168 primamente
1389 1079 1413 1148 ii
1434 1080 1567 1167 prelati,
1592 1093 1630 1148 et

406 1208 754 1284 consequentemente
770 1197 850 1265 tutti
865 1198 889 1264 l'
906 1196 994 1264 altri.
1013 1198 1054 1265 L’
1072 1219 1141 1264 una
1156 1198 1192 1281 ὁ,
1209 1198 1321 1265 chela
1340 1197 1422 1266 sede
1441 1197 1631 1282 apostolica

407 1309 481 1382 etii
497 1333 629 1380 summo
643 1312 805 1401 pontifice
820 1311 873 1381 usi
885 1313 920 1380 d'
934 1311 1016 1400 ogni
1031 1310 1219 1400 benigniti,
1233 1309 1494 1381 mansuetudine
1508 1320 1543 1378 et
1554 1311 1633 1379 cle·

405 1427 534 1506 mentia
549 1449 615 1498 con
631 1439 750 1518 queste
766 1429 906 1512 nationi,
920 1440 956 1496 et
970 1430 1003 1496 le
1019 1427 1138 1517 tenghi
1153 1450 1285 1516 sempre
1300 1427 1400 1510 dolui,
1414 1449 1483 1496 non
1493 1431 1632 1496 hauen-

406 1545 451 1612 do
470 1543 610 1632 giudicij
634 1544 712 1612 forti
735 1556 854 1613 contra
878 1545 914 1612 di
936 1546 1021 1627 loro,
1040 1544 1098 1632 piu
1122 1553 1211 1612 tosto
1230 1544 1435 1614 rimettendo
1453 1543 1559 1612 molto
1588 1545 1632 1611 de

406 1660 618 1731 districtim
634 1662 735 1742 iuris,
747 1660 996 1730 considerando
1009 1661 1043 1729 le
1058 1659 1238 1742 afflittioni,
1253 1659 1411 1748 trauagii,
1425 1669 1460 1728 et
1474 1669 1630 1730 extreme

404 1775 574 1857 necessita
588 1778 652 1846 che
667 1775 855 1866 patiscono,
873 1787 908 1846 et
922 1774 1060 1864 pericoli
1077 1775 1186 1844 ultimi
1201 1775 1237 1842 in
1252 1779 1316 1845 che
1331 1787 1430 1844 stano
1445 1775 1629 1845 continua-

407 1902 521 1963 mente
537 1891 604 1981 (ma
619 1902 708 1960 tutto
724 1903 846 1981 questo
861 1893 1001 1961 intendo
1016 1894 1188 1980 supposita
1203 1893 1400 1982 integritate
1408 1892 1506 1980 fidei,
1521 1913 1629 1962 senza

405 2007 439 2076 la
454 2007 555 2094 quale
569 2031 639 2077 non
654 2030 739 2076 sono
753 2007 934 2096 catholici);
951 2010 1076 2097 perche
1091 2019 1185 2077 certo
1200 2010 1220 2076 ὲ
1235 2011 1300 2078 che
1315 2009 1418 2078 molte
1437 2029 1516 2078 cose
1536 2008 1627 2076 dalle

407 2123 493 2204 altre
515 2123 644 2193 nationi
670 2124 700 2192 si
723 2125 963 2193 douerebbono
986 2123 1209 2207 ricchiedere,
1227 2126 1292 2192 che
1311 2123 1346 2190 di
1365 2135 1485 2212 questa
1502 2144 1574 2193 non
1597 2125 1627 2192 si

408 2259 557 2327 possono
572 2240 643 2308 cosi
658 2239 851 2310 iaciimente
865 2240 922 2310 nel
937 2251 1094 2328 presente
1109 2249 1198 2308 stato
1209 2241 1297 2308 delle
1307 2261 1387 2309 cose
1402 2249 1568 2322 ottenere,
1581 2242 1627 2308 ne

408 2353 599 2438 ricerearsi3
617 2356 637 2424 ὁ
656 2355 715 2444 piir
731 2366 821 2424 tosto
836 2357 871 2423 d'
889 2358 1040 2424 haueme
1061 2357 1192 2444 grande
1210 2355 1461 2444 compassione,
1478 2359 1626 2426 essendo

407 2467 443 2538 in
458 2491 545 2558 gran
559 2481 656 2558 parte
671 2469 795 2540 infirmi
813 2480 850 2540 et
865 2471 993 2556 deboli,
1011 2481 1046 2540 et
1065 2472 1223 2540 hauendo
1239 2469 1427 2558 acquistata
1447 2495 1508 2560 per
1528 2483 1625 2542 tanto

403 2579 517 2673 tempo
529 2587 675 2655 alchuna
687 2588 819 2671 liberti,
833 2597 868 2658 et
879 2588 1117 2657 conformatosi
1129 2588 1165 2655 in
1176 2587 1370 2671 debolezza‚
1384 2589 1520 2658 enolto
1531 2589 1623 2658 diffi-

401 2699 466 2770 cile
481 2703 544 2770 che
559 2723 621 2789 per
630 2701 760 2790 imperij
773 2703 886 2774 seueri
902 2723 971 2772 non
982 2703 1011 2772 si
1023 2704 1221 2791 perturbino
1233 2706 1488 2792 grandemente,
1502 2715 1538 2773 et
1550 2727 1619 2774 non

401 2815 532 2906 piglino
546 2818 624 2886 sorti
635 2818 805 2889 occasioni
816 2830 851 2888 et
862 2820 1059 2908 pericolose:
1074 2831 1108 2891 et
1120 2821 1191 2890 cosi
1201 2819 1323 2909 pare'si
1334 2823 1447 2890 hanno
1458 2821 1493 2888 d'
1506 2821 1617 2890 aiuta-

285 2988 288 2994 .
400 2954 450 3017 re,
468 2953 564 3002 come
578 2934 637 3006 noi
652 2935 895 3004 aoostumiamo
910 2935 998 3022 due,
1009 2938 1156 3027 sortiter
1171 2942 1202 3004 et
1216 2938 1386 3020 suauiter,
1399 2937 1471 3005 cioe
1487 2940 1553 3009 che
1567 2939 1618 3008 sia

399 3049 423 3116 l'
445 3048 634 3136 intentione
660 3061 695 3120 et
717 3051 891 3139 proposito
908 3052 952 3122 de
973 3052 1106 3122 aiutarli
1129 3063 1308 3123 constante
1323 3062 1358 3123 et
1377 3066 1618 3143 perseuerante

399 3163 511 3234 insino
530 3166 563 3234 al
583 3167 719 3250 fine,1a
738 3169 981 3256 essequutione
1000 3174 1115 3237 tamen
1130 3180 1165 3240 et
1187 3169 1332 3239 limezzi
1347 3168 1444 3238 siano
1463 3171 1564 3240 suaui
1584 3181 1620 3244 et

399 3279 556 3368 applicati
572 3279 651 3368 pian
666 3281 779 3370 pian0,
797 3286 949 3354 secondo
962 3285 1093 3372 patisce
1108 3284 1383 3374 ladispositione‚
1397 3285 1617 3376 risguardan-

397 3395 473 3464 dosi
487 3417 632 3486 sempre‚
651 3400 715 3468 che
730 3399 760 3466 si
775 3399 899 3468 camini
915 3399 1032 3470 auanti
1047 3402 1104 3472 nel
1122 3400 1215 3470 aiuto
1231 3424 1238 3485 ;
1257 3412 1292 3472 et
1315 3402 1360 3470 mi
1376 3424 1472 3490 pare,
1491 3405 1615 3486 Padre,

397 3512 464 3580 che
477 3509 513 3594 in
528 3521 649 3599 questa
664 3513 806 3583 materia
821 3515 1008 3586 doueriano
1028 3519 1134 3586 esser'
1151 3516 1237 3585 uditi
1257 3517 1360 3606 quelli
1379 3520 1444 3586 che
1465 3527 1616 3608 tengono

397 3647 460 3695 uso
475 3636 511 3697 et
525 3627 721 3716 esperienza
735 3629 770 3696 di
790 3641 911 3717 queste
928 3631 1073 3717 nationi,
1091 3644 1126 3702 et
1144 3643 1287 3721 portano
1307 3633 1443 3722 speciai'
1460 3657 1576 3704 amore
1595 3658 1614 3706 a

396 3743 508 3828 quelle
519 3743 534 3799 ¹·
548 3754 614 3811 etc.
630 3745 670 3812 L’
687 3745 772 3814 altra
786 3768 866 3816 cosa
881 3749 901 3816 ἑ
916 3750 981 3820 che
992 3771 1030 3820 se
1045 3773 1089 3818 ne
1101 3750 1219 3838 tenghi
1231 3772 1317 3838 gran
1328 3761 1441 3833 conto,
1455 3773 1525 3840 non
1540 3753 1612 3820 solo

396 3856 431 3926 di
447 3866 537 3926 tutta
551 3859 584 3926 la
598 3857 752 3943 natione,
770 3883 825 3931 ma
841 3861 875 3929 di
890 3864 1118 3954 qualsiuoglia
1133 3867 1262 3954 prelato
1277 3877 1312 3935 et
1327 3865 1516 3954 particolar’
1532 3889 1610 3955 per-

395 3995 491 4056 sona,
509 3976 658 4044 secondo
678 3975 703 4042 il
722 3979 830 4064 grado
847 3980 881 4046 d'
899 3981 982 4068 ogn'
1000 4003 1081 4064 uno,
1103 3982 1228 4069 perche
1248 3981 1283 4050 in
1302 3981 1442 4050 nissuna
1462 3982 1612 4054 maniera

395 4089 533 4177 possino
552 4112 698 4178 pensare
717 4095 805 4180 quod
824 4096 1065 4186 negligantur,
1080 4119 1102 4166 o
1117 4119 1200 4168 uero
1215 4101 1279 4167 che
1297 4120 1366 4167 non
1385 4099 1416 4166 si
1434 4099 1548 4166 fidano
1570 4100 1612 4170 de

393 4205 480 4287 loro,
494 4228 515 4274 o
529 4208 594 4278 che
608 4206 758 4276 lihanno
770 4231 830 4298 per
842 4210 994 4298 sospetti.
1010 4215 1142 4300 Queste
1153 4235 1233 4284 cose
1244 4214 1474 4286 difficilmente
1485 4214 1613 4304 patisce

395 4321 622 4410 qualsiuoglia
643 4324 799 4408 natione,
817 4337 852 4396 et
873 4329 978 4394 molto
1000 4328 1060 4416 piir
1083 4340 1215 4416 questa,
1237 4352 1297 4418 per
1317 4331 1422 4401 esser’
1442 4331 1476 4398 d'
1499 4329 1612 4398 animo

394 4438 536 4524 grande.
556 4439 690 4525 Questo
705 4439 733 4508 si
750 4441 851 4526 fona,
871 4444 993 4526 Padre,
1012 4447 1161 4532 sapendo
1177 4448 1250 4514 loro
1264 4448 1329 4514 che
1344 4445 1380 4514 in
1395 4447 1503 4518 Roma
1516 4467 1555 4515 se
1569 4468 1612 4516 ne

448 4602 455 4635 ¹
493 4598 597 4670 idest,
611 4597 742 4658 summus
754 4601 898 4676 pontifex.
913 4604 988 4661 Vide
1001 4605 1091 4680 epist.
1108 4605 1172 4680 353,
1184 4625 1251 4664 cum
1264 4615 1365 4666 annot.

444 4691 455 4725 ¹
492 4689 567 4748 Vide
577 4690 669 4765 epist.
685 4690 748 4765 3973
762 4701 794 4749 et
806 4693 903 4767 Epist.
919 4694 1022 4754 Natal.
1034 4697 1059 4770 1,
1072 4709 1145 4753 cxlx
1158 4705 1188 4754 et
1200 4710 1272 4760 cxx.
