3384 5382
363 478 421 533 616
755 451 860 538 Esrsr.
881 481 914 536 P.
936 438 1140 548 Nion-{28

396 651 427 714 3.
477 630 677 716 Circa'quel
697 632 786 699 libro
808 632 863 698 del
883 634 1000 699 dottor
1021 634 1146 700 Torres
1161 633 1184 712 ¹,
1203 633 1400 700 finalmente
1422 632 1445 698 ὲ
1468 651 1576 716 parso

272 823 275 832 1
326 744 466 831 megli0,
480 747 544 812 che
555 767 621 812 con
635 757 724 816 tutte
735 749 768 816 le
780 769 937 828 censure,
948 757 1044 814 tanto
1055 747 1099 815 de
1112 747 1232 828 nostri,
1246 756 1375 832 quanto
1386 745 1476 815 delli
1489 745 1573 810 dot-

327 859 392 926 tori
408 860 613 942 louaniensi,
631 860 660 928 si
677 861 791 928 mandi
807 863 840 929 la
861 863 956 930 uolta
971 861 1060 929 della
1079 860 1235 948 superior
1250 863 1456 943 Germania,
1478 871 1519 929 et
1536 859 1572 926 di

325 974 395 1041 la'a
411 976 530 1056 Roma,
548 977 639 1042 doue
654 975 685 1043 si
699 987 868 1063 potranno
888 987 1054 1044 mostrare
1073 977 1107 1044 le
1128 977 1354 1045 osseruationi
1371 999 1391 1043 o
1409 997 1570 1046 censure

239 1172 241 1178 Α
325 1091 384 1158 all'
401 1101 532 1156 auctor.
552 1093 596 1157 Et
612 1113 650 1158 se
666 1091 766 1158 uorrd
783 1094 850 1159 che
866 1114 932 1160 con
948 1093 1060 1176 quelle
1071 1091 1100 1158 si
1112 1091 1238 1177 stampi
1254 1091 1278 1158 il
1290 1091 1389 1174 libro,
1404 1092 1430 1158 si
1450 1102 1568 1158 stam-

326 1209 421 1294 para;
440 1207 578 1290 quando
594 1228 676 1288 non,
695 1206 723 1273 si
745 1188 887 1276 laseiarri
903 1219 1006 1274 stare.

335 1381 337 1390 .
393 1341 426 1403 4.
475 1323 508 1388 Α
525 1324 634 1388 Roma
649 1322 667 1387 ὲ
685 1321 905 1389 uenutoilP.
921 1301 1099 1404 Canisio'ss
1113 1323 1219 1391 eletto
1234 1333 1430 1408 procurator
1445 1319 1483 1388 di
1497 1342 1565 1388 sua

325 1435 503 1525 prouincia
520 1437 667 1523 (perche,
683 1436 711 1503 si
728 1437 795 1505 ben
813 1439 842 1504 s'
855 1438 876 1504 ὁ
887 1435 1006 1503 scritto
1021 1437 1089 1504 che
1104 1447 1227 1522 questo
1239 1459 1309 1502 non
1326 1449 1447 1522 poteua
1460 1433 1559 1515 farsi,

232 1605 235 1612 .
325 1552 384 1637 gia
400 1550 421 1616 l'
437 1551 534 1618 auiso
551 1552 583 1618 lo
599 1552 708 1638 piglio
725 1551 760 1618 in
777 1553 891 1638 ltalia).
911 1553 989 1619 Vna
1009 1553 1098 1620 delle
1119 1573 1199 1620 cose
1220 1554 1285 1621 che
1300 1552 1360 1637 qui
1380 1554 1516 1620 haueua
1539 1571 1559 1616 a

327 1677 448 1734 trattar
463 1689 522 1734 era
536 1668 592 1734 del
603 1689 672 1734 ‘suo
688 1667 807 1734 scritto
823 1677 942 1734 contra
956 1669 990 1732 le
1006 1667 1175 1749 centurie,
1189 1680 1224 1734 et
1239 1691 1302 1754 per
1317 1669 1396 1752 quel
1411 1669 1473 1734 che
1491 1671 1520 1734 s'
1538 1666 1556 1732 ὲ

327 1781 416 1848 uisto
433 1783 481 1848 lin
498 1782 568 1869 qui,
588 1781 617 1849 si
634 1804 741 1870 pensa
760 1767 902 1850 riuscira
918 1785 1007 1852 bene
1028 1803 1090 1869 per
1104 1785 1185 1868 quel
1199 1785 1264 1850 che
1284 1782 1314 1850 si
1334 1784 1551 1869 prettendeua

325 1897 360 1964 di
376 1899 472 1966 leuar
488 1897 650 1965 aurtorita
668 1920 688 1964 a
704 1900 783 1984 quel
799 1898 885 1965 libro
895 1909 932 1978 Β,
952 1897 1148 1965 mostrando
1164 1898 1259 1964 molti
1274 1898 1381 1966 errori
1396 1899 1428 1963 di
1439 1898 1551 1984 quello

325 2012 592 2082 chiaramente³.
1142 1997 1147 2006 ⁸

394 2143 425 2211 5.
473 2130 574 2196 Della
591 2140 721 2196 uenuta
736 2129 831 2197 div.
851 2130 892 2195 R.
912 2151 932 2194 a
949 2131 1069 2209 Roma,
1084 2149 1153 2195 non
1169 2130 1322 2215 potendo
1333 2149 1441 2196 essere
1455 2125 1548 2214 peril

301 2292 306 2310 .
326 2252 440 2328 tempo
457 2244 545 2312 della
561 2244 815 2330 congregacion
831 2245 865 2309 di
878 2243 1106 2329 procuratori,
1120 2244 1155 2309 la
1166 2244 1246 2328 qual
1258 2242 1291 2310 si
1299 2242 1396 2309 finiri
1408 2265 1426 2308 a
1437 2262 1546 2308 mezzo

324 2358 487 2439 Ottobre‚
505 2358 644 2427 hauerei
660 2361 766 2425 charo
783 2381 852 2426 non
868 2357 896 2425 si
913 2358 1058 2424 tardassi
1073 2358 1133 2444 piri
1149 2361 1213 2426 che
1226 2357 1338 2424 insino
1350 2358 1382 2424 al
1395 2355 1546 2444 principio

325 2495 347 2538 o
362 2494 443 2539 uero
457 2474 491 2538 al
504 2495 621 2541 mezzo
632 2473 668 2538 di
680 2475 890 2553 Nouembre,
902 2472 997 2540 accio
1010 2467 1033 2537 li
1047 2473 1156 2542 freddi
1168 2473 1291 2560 grandi
1303 2494 1373 2539 non
1384 2473 1416 2540 lo
1426 2471 1555 2559 piglino

326 2587 416 2654 nelle
432 2588 545 2654 strade
561 2585 584 2653 1'
600 2587 780 2656 inuernata
795 2589 861 2654 che
879 2587 991 2656 uiene.
1007 2591 1051 2654 Et
1064 2610 1124 2674 per
1140 2598 1262 2674 questo
1274 2587 1427 2674 rispetto,
1440 2599 1472 2654 et
1486 2608 1544 2652 an-

325 2703 389 2768 che
406 2701 484 2769 delli
500 2702 639 2787 pericoli
655 2703 744 2769 delle
759 2693 949 2770 strade'che
966 2704 1107 2770 intendo
1121 2701 1157 2768 ui
1168 2702 1264 2770 siano
1280 2703 1296 2744 ¹²
1309 2724 1408 2772 uerso
1419 2702 1539 2778 Tolosa,

326 2816 372 2881 mi
393 2838 520 2901 pareua
536 2839 606 2882 non
627 2816 764 2885 douessi
784 2818 900 2883 andar'
923 2840 944 2883 a
966 2817 1083 2884 uisitar
1104 2818 1183 2904 quel
1198 2816 1357 2904 collegio,
1376 2840 1429 2884 ma
1446 2815 1541 2882 infor-

326 2931 444 3010 marsi,
468 2933 661 2999 mandando
686 2936 744 2999 un’
763 2935 866 3014 altro;
892 2954 914 2998 o
937 2943 1152 3014 ueramente‚
1176 2955 1214 3000 se
1236 2932 1411 3001 accadessi
1429 2928 1540 3018 potersi

261 3027 266 3034 ⁵
326 3057 442 3114 trouar
454 3047 498 3113 V.
514 3047 555 3113 R.
571 3048 659 3114 nelle
670 3048 932 3134 congregationi
944 3047 1156 3133 prouinciali,
1168 3071 1187 3115 a
1199 3049 1232 3116 le
1243 3047 1336 3134 quali
1347 3057 1540 3114 concorrono

224 3189 226 3194 ’
325 3161 348 3228 11
366 3161 496 3244 rettori,
515 3163 602 3230 oltre
617 3163 641 3226 li
657 3162 818 3249 professi,
838 3173 933 3230 tanto
953 3163 1011 3248 pio
1033 3163 1237 3252 facilmente'
1247 3165 1427 3249 pottrebbe
1441 3181 1540 3246 spara-

324 3297 412 3363 gnar
427 3275 461 3342 d'
477 3279 584 3344 andar
599 3300 619 3343 a
635 3280 806 3363 qualcune
820 3279 855 3344 di
873 3279 976 3363 quelli
992 3280 1059 3346 che
1075 3291 1199 3345 stanno
1211 3277 1270 3364 piri
1285 3280 1385 3346 fuora
1397 3278 1430 3344 di
1443 3297 1541 3342 mano.

327 3394 370 3457 Et
385 3414 482 3459 come
499 3393 556 3478 gia
577 3391 604 3459 s’
621 3395 639 3460 ὲ
655 3393 773 3460 scritto
797 3393 855 3460 un'
872 3395 958 3460 altra
982 3395 1092 3474 uolta,
1117 3395 1150 3460 la
1174 3393 1343 3460 intention
1367 3391 1433 3459 mia
1452 3394 1470 3458 e
1489 3393 1545 3456 che

326 3511 370 3575 V.
391 3509 429 3574 R.
447 3529 516 3574 non
533 3509 561 3574 si
578 3519 684 3574 metta
700 3509 734 3574 in
751 3509 912 3595 pericolo,
931 3519 966 3578 et
982 3510 1062 3594 quel
1079 3510 1145 3578 che
1161 3531 1228 3574 non
1247 3511 1345 3596 potra
1366 3511 1417 3575 far
1431 3527 1543 3594 perse,

326 3624 360 3689 lo
377 3623 485 3689 faccia
502 3645 561 3708 per
578 3626 676 3690 altro.

393 3739 425 3804 6.
475 3740 508 3805 A
526 3741 569 3804 26
585 3740 641 3806 del
655 3749 804 3826 passato,
823 3739 944 3825 giorno
965 3739 1001 3805 di
1023 3750 1123 3808 santo
1138 3737 1313 3808 Giouanni
1334 3752 1369 3809 et
1391 3740 1503 3816 Paulo,
1519 3733 1545 3800 si

327 3875 438 3922 messe
454 3855 487 3920 la
503 3853 611 3939 prima
626 3855 734 3941 pietra
750 3856 840 3923 nella
855 3855 972 3922 chiesa
986 3867 1121 3936 nostra,
1141 3855 1339 3922 trouandosi
1354 3861 1504 3940 presente
1524 3849 1545 3914 il

326 3967 478 4035 cardinal
499 3972 526 4035 F
528 3991 661 4052 emese,
684 3980 720 4038 et
740 3970 884 4038 dicendo
905 3972 939 4037 la
961 3992 1071 4038 messa
1093 3971 1206 4057 quello
1220 3969 1255 4035 d’
1277 3972 1438 4057 Augusta
1456 3969 1469 4000 ⁴
1487 3987 1544 4032 con

382 4127 398 4162 ἃ
427 4119 492 4175 Hoc
506 4122 589 4175 verb.
605 4120 720 4176 addidit
732 4120 799 4180 libr.
814 4139 902 4194 supra
917 4085 1049 4178 vers—b
1059 4120 1172 4178 Ultima
1184 4121 1299 4193 syllaba
1315 4118 1402 4192 hujus
1415 4115 1492 4174 verbi
1503 4113 1548 4169 ad·

327 4207 390 4262 dita
404 4217 450 4263 est
468 4226 556 4280 supra
575 4227 654 4265 vers.
674 4211 771 4266 alibr.

383 4325 390 4356 ¹
429 4325 603 4381 Franciscus
615 4325 653 4382 de
666 4327 786 4398 Torres‚
800 4327 872 4382 alias
885 4327 1057 4382 Turrianus.
1073 4326 1149 4381 Vide
1162 4325 1250 4398 epist.
1262 4337 1326 4394 510,
1337 4343 1368 4381 n.
1378 4336 1405 4394 73
1417 4335 1477 4394 512,
1487 4339 1513 4375 n.
1523 4331 1546 4387 53

350 4415 570 4469 1n.6·et·1
640 4417 689 4469 .6.

327 4425 345 4481 5
366 4426 392 4537 5²:
430 4505 463 4558 B.
473 4428 799 4576 ’Petius7‚’1irovincialis
813 4503 990 4561 Germaniae
1004 4503 1175 4582 superioris.

380 4594 392 4625 ³
429 4592 476 4648 Cl.
491 4595 758 4666 Bnaonssanoan,
774 4595 829 4648 loc.
844 4593 907 4662 cit,
922 4593 976 4664 111,
991 4591 1084 4664 2931,
1098 4591 1162 4661 372.

379 4683 392 4715 ⁴
429 4679 501 4738 Otto
514 4681 678 4736 Truchsess
691 4681 729 4736 de
747 4681 923 4753 Waldburg.
