3414 5374
598 510 632 566 28
651 511 768 568 Mnann
789 523 856 582 1575
1246 514 1300 585 689

105 663 137 730 di
153 685 223 746 me,
244 663 274 731 si
291 686 388 734 come
404 665 437 732 io
453 666 486 732 la
500 665 568 732 mia
583 664 752 752 indignitai
768 675 803 734 et
818 664 1055 754 dipoehagine.
1074 669 1128 736 Ne
1139 678 1231 737 resto
1246 689 1328 735 con·

106 781 192 846 fuso.
212 781 275 850 Sia
294 782 478 848 benedetto
497 781 521 847 il
544 781 705 880 Signore,
723 791 757 849 et
777 781 827 848 sia
847 780 883 848 in
902 803 964 849 sua
984 781 1100 850 diuina
1120 785 1203 851 Mta.
1222 784 1330 852 bene·

107 898 199 964 detto
215 895 240 962 il
256 897 328 963 bon
343 899 384 965 Ρ.
402 898 446 964 N.
465 898 648 964 Euerardo.
660 897 694 963 .Il
709 895 827 983 signor
843 907 946 966 conte
960 919 1030 966 non
1045 921 1088 966 va
1104 899 1161 986 piu
1178 898 1326 986 agiubi-

107 1011 158 1078 loo
173 1015 195 1076 ¹.
216 1013 324 1078 Potra
339 1013 406 1079 ben
422 1033 514 1079 esser
530 1011 558 1079 si
574 1012 684 1080 vodda
699 1009 723 1078 il
739 1013 779 1078 Ρ.
794 1011 990 1080 Guilelmo²
1008 1013 1040 1081 al
1056 1015 1141 1094 celo,
1159 1013 1282 1100 perch&
1298 1013 1328 1080 si

107 1129 125 1194 ὁ
140 1127 306 1194 amalatto
321 1127 432 1213 questi
448 1127 559 1215 giomi
578 1137 613 1194 31
628 1137 680 1194 313
695 1125 731 1194 in
746 1148 833 1214 gran
844 1126 1004 1214 pericolo.
1020 1130 1070 1196 La
1086 1130 1202 1215 P.[V.]
1215 1139 1231 1172 ²
1248 1149 1327 1216 pre·-

106 1241 163 1328 ghi
178 1243 213 1308 31
230 1242 362 1329 Signor
375 1263 436 1329 per
449 1241 510 1308 lui.
529 1243 670 1328 Quanto
684 1241 716 1308 al
732 1241 876 1330 negocio
891 1242 925 1308 di
940 1241 1030 1325 libri,
1048 1243 1165 1330 sappia
1179 1243 1212 1310 la
1225 1245 1265 1310 P.
1281 1244 1325 1310 V.

105 1360 167 1424 che
180 1359 230 1424 ho
248 1356 390 1444 pigliata
404 1355 602 1426 inclination
613 1355 648 1422 di
660 1377 728 1424 non
740 1377 895 1445 comprar
906 1379 966 1444 per
977 1360 1098 1428 adesso
1112 1357 1201 1441 libri,
1217 1367 1251 1426 et
1262 1359 1328 1425 che

106 1473 217 1540 alcuni
239 1472 324 1540 mesi
347 1471 394 1538 mi
414 1471 535 1558 occupi
556 1471 644 1540 nelle
664 1493 745 1540 cose
772 1473 860 1540 della
881 1472 1094 1560 Compagnia
1117 1483 1152 1542 et
1171 1473 1206 1539 in
1226 1472 1328 1560 pochi

105 1587 190 1670 libri;
210 1599 247 1655 et
263 1587 299 1654 in
313 1597 408 1654 tanto
420 1608 490 1654 non
505 1587 630 1654 lasciar
640 1586 674 1652 di
687 1608 893 1674 procurante
907 1589 1031 1655 alcuna
1046 1587 1251 1655 commodita
1266 1608 1328 1674 per

107 1703 179 1769 altri
196 1703 316 1784 studii,
333 1701 499 1789 piacendo
514 1703 547 1769 al
566 1701 693 1790 Signor
712 1712 747 1771 et
769 1702 833 1768 alla
848 1704 888 1770 Ρ.
908 1703 952 1769 V.
971 1703 1079 1789 spero
1095 1706 1172 1770 sara
1188 1703 1273 1770 satta
1296 1701 1329 1768 la

107 1819 249 1886 volunta
263 1819 298 1885 di
314 1817 409 1886 Iddio
424 1818 459 1885 in
479 1841 534 1888 me
552 1839 617 1885 con
636 1818 670 1885 la
688 1817 849 1884 direttion
870 1818 957 1885 della
980 1821 1019 1886 Ρ.
1039 1820 1082 1886 V.
1101 1820 1180 1885 Non
1201 1815 1329 1885 andario

109 1934 291 2004 altrimenti
318 1936 361 2003 ad
382 1936 542 2022 Augusta
562 1944 682 2020 questo
702 1933 782 2020 dipo
803 1935 946 2020 pascha,
969 1953 1065 2003 come
1092 1955 1260 2021 pensaua,
1286 1940 1331 2006 nie

109 2053 286 2136 compraro
301 2049 388 2116 libro
404 2051 539 2130 alcuno,
557 2051 600 2116 no
611 2049 687 2117 sara
700 2048 734 2114 di
747 2048 913 2134 bissogno
925 2049 1033 2118 chela
1050 2052 1089 2117 P.
1109 2051 1152 2116 V.
1168 2051 1280 2118 scriua
1297 2053 1329 2118 al

110 2167 217 2232 Padre
232 2164 432 2252 prouincial.
451 2165 563 2232 Credo
578 2174 614 2230 et
628 2165 728 2250 spe'ro
744 2163 801 2230 nel
816 2163 942 2250 Signor
954 2164 1018 2231 che
1029 2175 1150 2250 questo
1162 2165 1230 2231 mio
1242 2188 1327 2252 pen-

110 2279 194 2348 siero
210 2281 287 2350 sart
303 2302 365 2366 per
379 2279 403 2344 il
419 2279 565 2367 miglior.
585 2280 633 2345 Le
648 2300 753 2346 cause
767 2300 835 2346 non
848 2278 973 2359 scriuo,
986 2299 1048 2365 per
1060 2301 1129 2347 non
1142 2302 1235 2348 esser
1247 2303 1326 2366 pro-

108 2393 198 2462 lisso.
213 2397 250 2462 10
262 2394 310 2462 mi
321 2405 421 2461 trouo
433 2395 521 2462 bene
535 2404 571 2461 et
583 2395 759 2461 consolato
771 2415 831 2480 per
842 2393 953 2481 gratia
968 2393 1023 2460 del
1039 2393 1178 2480 Signor.
1197 2397 1275 2462 Non
1289 2417 1328 2462 so

111 2515 219 2577 tamen
235 2509 325 2578 sein
341 2518 462 2594 questa
481 2508 671 2594 primauera
691 2508 832 2594 pigliaro
854 2507 966 2575 alcuni
987 2508 1099 2594 giomi
1119 2510 1142 2575 l’
1161 2530 1270 2595 acqua
1293 2510 1327 2576 di

109 2625 208 2712 legno
224 2627 290 2694 3113
300 2625 421 2712 ligera,
432 2645 530 2692 come
541 2623 586 2690 mi
598 2623 772 2710 eonseglia
783 2623 808 2688 il
819 2623 964 2691 medico.
983 2625 1019 2690 Io
1030 2625 1063 2691 la
1075 2626 1192 2692 soleua
1203 2625 1327 2713 pigliar

110 2741 203 2824 quasi
218 2739 303 2829 ogni
319 2762 421 2821 anno,
439 2750 473 2806 31
489 2739 534 2805 mi
550 2741 669 2807 faceua
684 2739 757 2821 vtil;
776 2749 810 2808 et
825 2741 870 2806 ha
886 2739 943 2826 gia
958 2739 1076 2826 alguni
1089 2739 1169 2808 anni
1181 2742 1245 2816 che
1258 2763 1327 2808 non

113 2857 273 2944 lapiglio.
291 2857 318 2922 ss
334 2866 466 2922 catarro
485 2855 616 2923 bench&
636 2876 704 2920 non
725 2853 775 2920 sia
791 2865 899 2936 tant0‚
917 2855 960 2922 ni
982 2855 1028 2920 mi
1044 2855 1100 2922 dia
1121 2867 1216 2922 tanto
1233 2877 1330 2923 come

115 2991 169 3054 per
183 2972 281 3052 dilla,
299 2991 368 3054 non
389 2991 485 3038 cessa
505 2975 633 3051 umen,
649 2980 685 3037 et
703 2969 848 3056 bisogna
868 2972 1019 3039 haueme
1043 2972 1182 3037 curali
1202 2970 1330 3056 Signor

114 3087 284 3174 augmenti
300 3105 433 3172 sempre
448 3085 483 3151 in
499 3085 542 3180 V.
563 3087 602 3151 P.
620 3085 669 3171 gli
684 3083 734 3151 soi
750 3085 857 3151 diuini
873 3085 990 3153 donia
1010 3085 1141 3172 magior
1162 3085 1271 3171 gloria
1294 3085 1330 3152 di

114 3221 172 3268 sua
185 3202 301 3270 diuina
317 3183 401 3268 Mta'.
419 3197 489 3268 Alli
505 3199 595 3265 santi
616 3199 771 3267 sacrificii
787 3210 822 3266 31
842 3199 985 3266 orationi
1000 3199 1035 3266 di
1051 3202 1094 3266 V.
1115 3202 1155 3267 P.
1175 3199 1220 3265 mi
1239 3200 1328 3267 rico—

115 3319 232 3384 mando
246 3317 281 3384 di
297 3337 412 3399 cuore,
431 3325 465 3384 et
481 3315 515 3381 di
533 3313 635 3382 Padri
647 3313 819 3383 assistenti
835 3325 869 3382 et
885 3315 1077 3384 secretario.
1093 3315 1138 3383 Di
1160 3317 1266 3396 Hala,
1287 3317 1329 3383 28

115 3429 147 3495 di
161 3434 276 3518 Marco
296 3446 391 3515 1575.
409 3431 454 3496 D.
474 3432 514 3497 P.
533 3430 577 3496 V.
597 3450 698 3496 seruo
712 3429 749 3494 in
762 3431 839 3510 X.⁰‚

921 3552 1104 3730 tNoffsAL·
1131 3553 1152 3640 †

180 3777 361 3862 Inscriptio
372 3777 411 3842 in
423 3779 548 3861 quarta
558 3775 707 3861 pagina,
719 3774 790 3839 alia
806 3795 924 3840 manu:
939 3773 962 3861 †
978 3773 1173 3842 Admodum
1191 3776 1276 3842 Rdo.
1296 3774 1331 3840 in

119 3891 202 3976 Xpo.
221 3891 315 3960 Patri
330 3901 447 3958 nostro
469 3892 509 3957 P.
528 3890 700 3956 Euerardo
721 3889 945 3970 Mercuriano,
964 3889 1155 3976 praeposito
1178 3889 1332 3976 generali

121 4006 397 4094 SocietatisJesu.
413 4008 553 4071 Romae.
569 4003 650 4070 Atia
662 4025 780 4070 manu:
800 4019 895 4088 1575.
911 4006 1011 4072 Hala.
1031 4008 1072 4072 P.
1091 4005 1222 4072 Natale.
1240 4005 1281 4070 28
1298 4003 1334 4070 di

120 4121 238 4191 Marzo.
255 4124 361 4190 Intus.
380 4121 500 4209 sigilli
515 4121 712 4207 vestigium.
1077 4107 1080 4113 ’

167 4338 183 4371 ⁸
209 4326 359 4386 Omissum
372 4341 389 4380 a
402 4323 443 4380 N.

121 4448 309 4463 -1———2

169 4514 177 4547 ¹
213 4515 289 4572 Vide
302 4515 389 4587 epist.
404 4513 467 4584 560,
480 4529 514 4568 n.
531 4510 559 4580 3;
573 4511 636 4582 5653
651 4509 714 4581 568,
728 4528 758 4567 n.
775 4522 799 4580 13
814 4521 878 4580 5703
893 4517 922 4565 et
935 4521 998 4581 572·

171 4606 182 4639 ¹
217 4603 353 4660 Elderen.

254 4807 339 4854 Bam.
352 4807 382 4852 P.
397 4806 497 4859 Nunti..
511 4815 568 4850 τοκ.
583 4803 628 4850 111.
