3482 5386
432 572 468 614 ao
487 559 632 616 Auoosrr
650 569 691 612 nr
709 563 744 611 22
762 554 960 614 sosarnus
981 556 1050 626 1576
1256 556 1315 629 723
1379 607 1381 612 .

692 790 789 852 6θῦ

442 915 476 971 Ρ.
498 913 738 972 EVERARDUS
759 915 1047 974 MERCURIANUS

382 1032 540 1100 PATRI
574 1023 894 1101 HIERONYMO
930 1033 1112 1100 NADAL

512 1176 633 1235 nouas,
650 1179 686 1220 ao
703 1177 841 1221 nuoosrr
862 1165 930 1234 1576
949 1166 969 1220 ¹.

467 1279 514 1336 Da
524 1281 773 1335 annotationibus
783 1284 813 1334 et
824 1280 1021 1353 imaginibus.

198 1407 292 1472 Poco
308 1405 342 1473 fa
357 1407 423 1473 che
437 1404 552 1472 scrissi
568 1427 587 1471 a
604 1406 647 1472 V.
666 1406 707 1472 R.
727 1403 760 1470 d’
776 1406 861 1473 altre
877 1427 967 1473 cose.
987 1406 1122 1474 Adesso
1139 1408 1212 1474 solo
1226 1409 1258 1475 le
1278 1409 1354 1476 diro

132 1522 198 1588 che
211 1522 245 1587 al
261 1523 301 1588 P.
321 1519 520 1588 Florentino
536 1521 562 1600 ¹,
580 1529 799 1606 procuratore
818 1520 853 1586 di
875 1519 1033 1602 Fiandra‚
1059 1524 1107 1588 ho
1131 1523 1212 1590 dato
1235 1525 1354 1594 ordine

131 1635 168 1700 di
180 1635 234 1704 cio
249 1635 306 1702 ch'
322 1638 368 1703 ha
382 1657 403 1702 a
418 1637 490 1702 iare
505 1635 593 1702 delle
609 1634 749 1722 imagini
765 1645 799 1701 et
815 1635 1025 1702 annotationi
1040 1635 1075 1703 di
1088 1639 1131 1704 V.
1148 1641 1189 1705 R.
1204 1660 1265 1725 par
1281 1661 1354 1706 ma-

134 1751 228 1836 giore
243 1751 353 1838 gloria
369 1751 404 1817 di
419 1750 486 1819 Dio
500 1763 536 1816 et
552 1750 644 1817 aiuto
660 1751 716 1818 del
735 1749 898 1837 proximo.
915 1752 958 1817 Et
974 1753 1050 1818 cosi
1062 1754 1105 1819 V.
1124 1755 1166 1820 R.
1184 1755 1217 1820 le
1231 1755 1279 1841 gli
1292 1777 1354 1842 po—

139 1867 186 1933 tra
200 1867 294 1948 darc,
308 1866 383 1934 acio
399 1867 432 1935 le
447 1865 535 1952 porti
550 1886 698 1933 conseco
714 1888 733 1932 a
749 1864 895 1932 Fiandra
906 1887 966 1952 per
978 1868 1072 1936 detto
1087 1870 1215 1936 effett0.
1231 1871 1274 1935 Et
1285 1891 1355 1936 non

136 1983 280 2048 essendo
295 1965 416 2066 questa
431 2005 492 2068 per
507 1982 606 2063 altro,
625 1980 712 2048 facio
723 1981 791 2048 fine
803 1982 1179 2049 raccommandandomi
1196 1984 1260 2052 alle
1272 2004 1356 2052 suoe

138 2096 280 2163 orationi
296 2108 332 2163 et
347 2095 437 2162 santi
453 2094 622 2177 sacrificii,
640 2108 676 2164 et
695 2097 869 2182 pregando
886 2095 909 2160 il
925 2096 1073 2182 Signore
1093 2097 1124 2164 le
1148 2099 1301 2166 continui
1324 2101 1357 2166 la

137 2233 196 2280 sua
210 2222 311 2279 santa
326 2211 437 2298 gratia
453 2220 488 2280 et
503 2211 619 2280 celesti
637 2210 756 2278 fauori.
775 2209 819 2277 Di
834 2212 955 2291 Roma,
970 2233 991 2278 a
1007 2229 1049 2278 20
1060 2212 1094 2277 di
1107 2215 1241 2299 Agosto
1258 2215 1353 2298 1576.

697 2430 797 2492 606

445 2558 479 2614 Ρ.
499 2557 739 2614 EVERARDUS
758 2555 1044 2614 MERCURIANUS

382 2677 542 2743 PATRI
576 2675 898 2741 HIERONYMO
933 2674 1117 2742 NADAL

490 2821 609 2874 nouas,
631 2819 664 2861 22
682 2817 877 2860 seerunenrs
898 2807 966 2875 1576
985 2809 1006 2861 ⁸.

141 2927 267 2983 Litteras
280 2926 412 2991 Natalis,
424 2928 535 2998 gratos
546 2927 663 2992 sempor
674 2923 814 2993 generali
826 2923 973 2980 accidere:
982 2927 1094 2994 pestem
1115 2922 1244 2979 Venetiis
1260 2929 1288 2978 et
1302 2925 1362 2980 Pa·

629 3011 707 3066 tavit
716 3011 868 3083 grassari.

203 3138 344 3208 Riceuei
360 3159 429 3204 vna
444 3137 479 3203 di
495 3139 538 3204 V.
558 3139 599 3203 R.
619 3135 653 3201 di
670 3145 721 3202 tre
743 3136 755 3168 ⁴
773 3133 806 3200 di
824 3131 960 3220 Luglio,
980 3137 1085 3222 peria
1106 3139 1207 3220 quale
1222 3137 1323 3205 intesi
1340 3139 1362 3203 il

139 3257 228 3323 buon
247 3255 361 3322 animo
378 3256 442 3320 che
458 3252 482 3317 il
498 3251 645 3338 Signore
661 3252 693 3317 le
713 3251 757 3318 dia
773 3273 918 3336 sempre‚
937 3274 1007 3317 non
1024 3261 1157 3320 ostante
1173 3255 1204 3319 la
1225 3275 1286 3318 sua
1307 3257 1362 3321 eta

138 3381 171 3438 et
199 3368 467 3456 indisposizioni.
498 3367 612 3434 Pincia
636 3389 655 3433 a
679 3387 741 3432 sua
767 3364 883 3431 diuina
910 3369 993 3433 Mra.
1023 3369 1276 3436 conseruarlelo
1303 3389 1364 3454 per

140 3507 283 3572 sempre.
309 3487 451 3569 Quanto
471 3505 491 3549 a
515 3483 628 3568 quello
649 3483 714 3548 che
738 3479 849 3548 scriue
873 3481 916 3546 V.
943 3484 984 3548 R.
1012 3485 1076 3548 che
1096 3504 1164 3548 non
1187 3505 1247 3549 osa
1270 3505 1364 3550 esser

140 3603 244 3689 longo
260 3601 297 3667 in
312 3599 475 3680 sonuere,
494 3621 553 3686 per
569 3598 601 3666 le
617 3596 838 3683 occupazioni
852 3598 917 3663 che
933 3597 964 3663 ci
980 3619 1105 3663 recano
1127 3598 1137 3662 i
1162 3609 1362 3685 procurato-

142 3717 181 3798 ri,
200 3719 218 3785 ὲ
233 3738 317 3783 vero
333 3718 399 3784 che
415 3736 500 3782 sono
515 3725 603 3781 state
618 3714 724 3780 molte
740 3722 775 3780 et
791 3711 923 3798 grandi.
944 3715 1000 3779 Ma
1020 3733 1079 3798 per
1100 3713 1211 3800 gratia
1231 3715 1286 3780 del
1307 3711 1363 3782 Si-

195 3977 202 4008 ¹
240 3977 285 4029 Ex
298 3975 439 4046 Regesto‚
457 3971 529 4028 con.
545 3970 627 4043 331¹),
642 3969 692 4025 tot.
707 3981 751 4039 47.
767 3969 801 4024 In
814 3967 954 4039 margine:
969 3971 1062 4024 Halo.
1079 3971 1119 4025 Al
1132 3971 1169 4025 P.
1184 3971 1305 4026 Notata.

193 4068 204 4099 ¹
241 4065 275 4118 P.
288 4063 429 4118 Martinus
439 4060 614 4129 Florentius,
625 4059 662 4114 de
675 4075 733 4131 quo
746 4060 818 4114 haec
830 4059 920 4112 habet
929 4059 1079 4130 catalogus
1089 4061 1207 4131 collegii
1216 4061 1363 4117 colonien-

141 4153 181 4208 sis
198 4153 266 4208 anni
288 4152 365 4220 1567:
385 4151 435 4204 «P.
458 4149 599 4206 Martinus
618 4148 798 4214 Florensius,
820 4146 1125 4216 ambsteredamensiS,
1150 4151 1292 4204 haetenus
1314 4167 1364 4204 ex·

140 4242 320 4296 hortationes
334 4238 437 4295 habuit
449 4238 526 4311 apud
539 4255 601 4310 eoS,
614 4239 665 4310 qui
678 4236 707 4291 in
721 4235 892 4308 probatione
907 4244 1112 4291 versantur...»
1126 4239 1172 4292 De
1185 4238 1235 4294 illo
1252 4238 1364 4294 dictum

142 4339 190 4384 est
202 4347 300 4402 supra,
314 4329 401 4402 epist.
417 4329 479 4398 596.

190 4421 203 4453 ⁸
238 4421 285 4474 Ex
300 4420 443 4490 Regesto,
463 4415 535 4472 cod.
556 4429 589 4486 33
601 4415 644 4487 j),
663 4415 693 4468 ff.
712 4413 756 4486 48,
778 4428 822 4483 49.
842 4413 876 4467 In
894 4414 1035 4484 margine:
1055 4415 1166 4470 Halae.
1186 4417 1224 4470 P.
1244 4414 1362 4470 Natali.

142 4506 216 4564 Vide
229 4508 316 4580 epist.
331 4508 395 4576 604,
409 4505 458 4561 cui
471 4507 544 4560 haec
556 4503 724 4576 respondet.

193 4600 205 4632 ⁴
241 4598 291 4654 Sic
308 4598 338 4653 in
356 4597 498 4667 Regesto,
516 4594 569 4650 sed
586 4611 665 4648 error
683 4591 793 4650 librarii
811 4591 938 4661 videtur,
958 4609 1025 4646 nam
1043 4591 1167 4664 epistota
1186 4593 1309 4661 Natalis,
1327 4594 1366 4650 de

143 4703 198 4758 qua
210 4687 257 4742 hic
271 4701 367 4742 sermo
379 4692 436 4754 est,
450 4683 499 4738 die
511 4681 543 4737 31
560 4683 631 4753 Julii
643 4682 711 4736 data
724 4681 789 4737 urit.
802 4680 858 4736 Die
868 4687 965 4736 autem
977 4679 994 4734 3
1006 4683 1127 4753 nullam,
1137 4681 1215 4754 quod
1227 4682 1366 4755 sciamus,

139 4775 296 4848 epistolam
310 4773 427 4846 scripsit
440 4771 564 4828 Natalia.
1187 4774 1190 4780 ’
