3318 5376
485 508 518 566 14
538 496 725 554 Noverroms
748 497 816 566 1566
1174 496 1228 568 307

132 650 286 735 Inscriptio
301 650 339 714 in
355 654 482 735 quarto
493 649 648 736 pagine:
658 651 758 738 Jhus.
777 651 823 718 Al
845 652 950 719 molto
966 652 1052 718 Rd0.
1073 652 1183 719 Padre
1199 672 1263 716 no·

82 779 136 832 stro
151 763 178 830 in
195 764 321 832 Christo
343 765 368 830 il
389 768 430 832 P.
456 767 648 834 Franceseo
672 767 715 833 de
736 765 876 853 Borgia,
905 767 1078 854 preposito
1104 766 1265 854 generale

82 881 148 946 della
159 880 355 967 Compagnia
371 882 415 948 de
426 884 528 969 Jesir,
545 893 611 950 etc.
635 883 755 948 Roma.
778 883 859 948 Atia
880 904 1007 948 manu:
1023 883 1064 950 C.
1088 882 1183 966 1566.
1201 880 1265 949 Di-

84 995 160 1082 lioga.
173 998 207 1062 P.
223 997 351 1064 Natale.
374 1015 414 1079 14
429 994 464 1063 di
479 997 687 1064 Nouembre.
706 997 798 1063 Atia:
814 1018 845 1063 e.
864 1021 909 1064 m.
935 999 1124 1085 Vestigium
1139 997 1263 1084 sigilli.

603 1163 695 1225 ⁴140

374 1284 415 1348 Ρ.
434 1281 745 1350 HIERONYMUS
765 1282 930 1348 NADAL

337 1394 477 1450 PATRI
514 1393 784 1452 LAURENTIO
821 1394 971 1453 MAGIO

490 1492 664 1566 provinciali
677 1493 814 1549 Austriae

393 1604 555 1659 minoio,
570 1603 601 1660 14
614 1603 794 1647 uovroroors
807 1591 875 1660 1566
891 1594 911 1647 ¹.

113 1690 145 1744 De
154 1689 403 1746 admonitionibus
420 1688 604 1761 Wotsgongo
616 1705 635 1742 a
645 1689 819 1760 praeposito
827 1689 1016 1762 provinciali
1023 1689 1217 1762 praebendis.

127 1809 193 1873 ΠΡ.
211 1806 362 1874 Henrico
377 1806 389 1838 ³
407 1807 453 1870 m'
471 1806 516 1870 ha
530 1804 649 1871 scritto
666 1804 701 1870 di
718 1807 830 1891 Praga
843 1804 866 1871 il
879 1805 1063 1873 medesimo
1078 1809 1143 1874 che
1159 1809 1203 1874 V.
1223 1809 1264 1875 R.

82 1921 112 1985 mi
124 1924 228 1988 manda
242 1921 277 1987 in
293 1932 389 1989 certa
403 1919 501 2006 copia
515 1919 560 1988 de
574 1918 711 2005 capitoli
727 1921 815 1987 della
830 1942 892 1987 sua
909 1921 1041 2002 lettera,
1056 1932 1091 1989 et
1103 1922 1208 1988 molto
1220 1925 1265 1988 m'

82 2037 299 2104 hrcontentato
325 2035 440 2122 quello
466 2034 521 2102 del
537 2044 766 2120 procuratore,
786 2047 821 2102 et
841 2035 899 2122 pio
919 2046 1133 2103 seontentato
1154 2037 1269 2123 quello

81 2151 110 2216 de
122 2151 319 2239 Wolffcango
337 2153 363 2216 ³.
384 2151 559 2217 Dominus
579 2150 632 2214 itti
646 2155 779 2234 porcat.
803 2151 910 2236 Sopra
929 2151 965 2217 di
985 2162 1106 2235 questo
1121 2155 1166 2218 ho
1182 2175 1267 2240 pen-

80 2277 132 2332 sato
143 2269 200 2334 due
213 2289 305 2347 cose,
329 2267 453 2349 Padre,
476 2287 497 2331 o
520 2276 583 2332 tre.
607 2265 656 2332 La
683 2264 803 2351 prima,
833 2268 897 2334 che
917 2265 952 2332 in
973 2265 1096 2334 nisuna
1116 2267 1267 2334 maniera

81 2383 193 2450 s’hada
206 2382 431 2462 dissimulare,
449 2402 510 2467 per
526 2381 627 2448 esser’
656 2401 735 2447 cosa
760 2381 803 2447 de
826 2382 929 2448 molta
944 2381 1154 2468 importanza
1177 2394 1211 2449 et
1232 2382 1268 2449 di

80 2497 154 2564 molto
167 2496 339 2582 orsempio.
356 2498 406 2564 La
423 2493 476 2562 2.⁸
488 2497 552 2561 che
567 2495 601 2562 la
616 2496 656 2561 R.
677 2497 737 2577 V.,
751 2517 811 2581 per
826 2496 1045 2563 instruttione
1063 2497 1132 2564 mia
1155 2508 1190 2564 et
1205 2518 1266 2564 co-

81 2610 212 2692 missione,
229 2611 340 2678 faccia
354 2632 423 2677 vna
449 2611 570 2678 lettera
588 2619 605 2652 ²
624 2611 656 2676 al
674 2613 714 2677 P.
740 2610 904 2691 Henric03
926 2611 1122 2680 mostrabile
1141 2614 1197 2678 all'
1214 2635 1271 2678 ar-

80 2723 222 2794 ciuescouo
237 2727 249 2761 ⁴
265 2737 301 2793 et
316 2725 489 2812 preposito
505 2728 530 2807 ³,
548 2725 638 2794 nella
654 2727 754 2810 quale
769 2725 857 2808 dica,
876 2729 940 2794 che
953 2731 997 2792 m'
1016 2729 1137 2794 &stata
1152 2727 1272 2814 ingra-

83 2839 177 2909 tissima
193 2844 224 2910 la
243 2845 365 2910 lettera
385 2844 449 2910 che
468 2839 574 2908 scrise
593 2841 617 2907 il
638 2844 678 2909 P.
703 2841 933 2929 Wolftcango‚
963 2852 998 2911 et
1025 2842 1269 2930 specialmente

84 2958 164 3037 quello
177 2961 211 3024 in
230 2980 296 3044 quo
316 2956 512 3022 detrahebat
537 2957 621 3023 actis
644 2957 749 3022 Itlmi.
779 2957 866 3022 Dni.
897 2957 1149 3043 archiepiscopi,
1166 2959 1198 3024 la
1213 2956 1269 3023 cui

84 3073 225 3156 authoriti,
239 3072 373 3160 digniti
385 3082 421 3141 et
431 3075 561 3139 honore
573 3073 617 3136 ha
629 3071 672 3137 da
685 3075 788 3138 esser'
803 3094 823 3138 a
835 3071 892 3138 noi
908 3073 1117 3152 charissima,
1131 3074 1160 3139 si
1173 3094 1271 3139 come

84 3184 150 3270 iper
162 3189 189 3256 la
202 3189 268 3256 Dio
284 3187 429 3275 gratiaa
444 3185 524 3252 tutti
540 3185 644 3270 quelli
655 3188 719 3252 che
731 3207 799 3254 non
813 3186 907 3255 siano
920 3209 1015 3255 come
1028 3199 1150 3274 questo
1163 3189 1271 3254 bohe-

84 3318 121 3364 rno
134 3303 288 3385 tribulato,
303 3314 372 3370 etc.
394 3303 422 3370 b.
438 3303 481 3368 Et
493 3303 605 3387 quelle
616 3302 702 3369 altre
717 3323 797 3368 cose
809 3304 873 3370 che
884 3302 960 3371 dice
976 3303 1011 3369 di
1027 3325 1092 3382 me,
1111 3302 1158 3368 mi
1171 3324 1271 3370 muo-

85 3432 157 3497 ueno,
171 3418 200 3485 in
210 3427 360 3518 respetto
372 3416 407 3482 di
420 3427 555 3503 questo,
568 3417 674 3483 molto
686 3438 785 3502 poco;
799 3420 924 3502 perchie
937 3428 1064 3502 quanto
1077 3419 1109 3482 al
1124 3417 1271 3503 collegio

85 3527 109 3592 di
117 3531 261 3615 Trebona,
275 3555 315 3600 se
330 3532 363 3599 io
378 3531 485 3619 parlai
500 3554 521 3599 a
536 3531 596 3613 lui,
611 3531 635 3597 il
647 3534 711 3598 che
727 3553 795 3598 non
811 3531 857 3596 mi
868 3532 1001 3600 ricordo
1015 3535 1059 3599 niz
1070 3534 1185 3613 credo,
1204 3554 1272 3598 non

86 3641 131 3708 disi
140 3649 211 3715 altro
226 3653 291 3718 che
308 3648 421 3735 quello
440 3651 504 3715 che
523 3646 588 3714 disi
609 3656 644 3715 et
663 3645 832 3733 signifieai
854 3647 889 3714 in
911 3651 1036 3736 Praga,
1060 3651 1124 3717 che
1144 3649 1177 3714 la
1193 3669 1273 3715 cosa

90 3773 261 3792 Ἢ

125 3850 137 3883 ⁸
158 3841 272 3900 3verba
288 3861 375 3918 seqq.
396 3860 483 3915 supra
500 3859 582 3899 vers.
603 3841 714 3899 addidit
737 3844 863 3899 libr-1>
886 3845 1031 3902 tribulato
1052 3849 1106 3902 etc.
1125 3852 1171 3900 est
1187 3859 1275 3916 supra

89 3941 147 3983 vers.
160 3949 205 4004 pro
214 3939 241 3990 et
254 3935 318 3989 mot
330 3935 450 3989 bohemo
458 3936 487 3989 et
498 3932 564 3988 mol
576 3932 729 4006 religioso,
744 3949 819 4005 quae
838 3933 993 3990 obliterata
1012 3942 1082 3990 sunt
1098 3951 1115 3988 a
1132 3933 1201 3990 libr.
1223 3932 1275 3988 Se·

88 4017 369 4093 quiturperdeletum.

90 4117 260 4140 S*

127 4171 133 4201 ¹
162 4171 199 4227 Ex
210 4175 383 4247 apographo,
395 4174 557 4244 aJimenez
569 4180 701 4244 exarato,
712 4181 743 4228 et
753 4174 875 4229 Romam
887 4191 904 4228 a
914 4173 1011 4230 Natali
1024 4173 1123 4246 misso,
1135 4173 1165 4228 in
1174 4172 1273 4246 Epist.

88 4249 174 4330 iiio,
186 4261 218 4331 11,
232 4264 317 4320 unico
331 4263 396 4334 fol„
412 4262 464 4318 160
476 4261 569 4332 (408).
587 4261 704 4318 Titulus
718 4263 803 4318 initio
815 4263 940 4335 positus,
953 4265 991 4319 ab
1004 4263 1068 4335 ipso
1078 4262 1196 4318 librario
1208 4279 1276 4317 exa·

87 4349 152 4408 ratus,
164 4347 197 4404 ito
207 4353 300 4409 hibet:
308 4353 403 4425 Jhus.
422 4349 518 4424 copia
530 4351 561 4407 d'
572 4368 616 4406 un
629 4352 760 4424 capitolo
773 4353 823 4408 che
837 4352 861 4407 it
874 4353 912 4407 P.
927 4353 1038 4408 Notata
1056 4353 1154 4408 seriue
1166 4348 1199 4407 ol
1215 4351 1276 4406 Po·

87 4427 126 4485 dre
133 4439 300 4504 praetoriolo
312 4441 487 4510 d'Austrio,
500 4441 559 4496 alti
571 4455 608 4509 14
621 4441 657 4496 de
672 4439 839 4497 Nouembre
852 4441 935 4510 1566.

128 4524 137 4555 ¹
164 4525 344 4603 Blyosemius,
356 4538 453 4586 rector
464 4529 600 4601 collegii.

129 4609 139 4641 ¹
166 4615 347 4692 Woltgangus
359 4620 420 4692 ille,
434 4618 472 4675 de
484 4635 542 4693 quo
555 4619 683 4676 diximus
695 4619 726 4676 in
739 4619 830 4691 epist.
846 4617 909 4694 437,
925 4637 953 4675 n.
968 4635 996 4691 93
1011 4628 1041 4675 et
1054 4619 1116 4690 448,
1131 4638 1159 4675 n.
1178 4632 1204 4676 1.

131 4699 142 4731 ⁴
169 4703 299 4766 Antonius
311 4710 386 4765 Brus
398 4709 437 4764 de
451 4707 587 4780 Muglitz.
728 4749 732 4762 .
751 4713 762 4744 ὅ
799 4709 945 4764 Henricus
959 4707 1130 4764 Scribonius
1144 4708 1270 4776 (Pisek).
