3494 5392
425 528 469 570 xx
752 513 944 568 Proonmnu
962 519 1068 564 annm
1085 515 1256 564 voluimus

457 667 608 736 Vixdum
624 665 802 735 Coloniam
829 663 924 732 venit
950 660 1092 742 Natalis
1109 661 1152 728 de
1180 658 1361 736 sociorum,
1378 655 1489 742 quiin
1509 654 1619 722 Frisia

388 793 625 872 versabantur,
636 789 839 875 magnisque
851 785 1102 855 calamitatibus
1112 783 1277 872 oppressi,
1292 783 1384 849 domi
1395 782 1500 848 latere
1512 801 1615 868 coge'·

389 919 528 998 bantur,
551 914 783 983 consolatione
805 911 983 1001 cogitavit.
1012 911 1070 978 Ad
1089 931 1126 978 se
1150 912 1192 978 P.
1221 910 1396 976 Andream
1413 905 1612 974 Boccatium

389 1052 504 1122 vocat,
518 1051 554 1108 et
569 1039 719 1109 remedia
730 1048 922 1126 opportuna
933 1036 1037 1104 rebus
1049 1045 1117 1102 tam
1129 1033 1264 1102 afflictis
1275 1033 1413 1100 adhibet
1429 1033 1503 1119 (425
1520 1031 1614 1116 427).

457 1165 621 1234 Coloniae
635 1163 852 1251 permansita
867 1162 922 1229 die
939 1179 982 1244 24
997 1159 1174 1230 Februarii
1190 1161 1233 1226 ad
1262 1177 1281 1225 2
1310 1157 1449 1244 Aprilis;
1474 1177 1542 1242 qua
1557 1157 1615 1224 die

391 1293 588 1376 Augustam
605 1287 822 1357 Trevirorum
852 1285 949 1374 petiit
966 1287 1054 1373 (397,
1076 1285 1167 1371 431),
1192 1305 1294 1369 quam
1311 1282 1332 1349 6
1358 1280 1486 1368 Aprilis
1501 1280 1618 1368 attigit

392 1414 492 1502 (789).
507 1417 623 1482 Unum
636 1433 786 1480 mensem
797 1422 833 1478 et
843 1409 988 1497 amplius
999 1409 1034 1475 in
1045 1409 1104 1475 illo
1115 1408 1261 1494 collegio
1273 1407 1468 1493 adjuvando
1482 1405 1617 1493 impen-

392 1539 455 1620 dit,
474 1538 576 1606 simul
594 1540 637 1607 de
657 1537 807 1624 negotiis
828 1534 1067 1603 communibus
1086 1532 1294 1602 Germaniae
1310 1553 1387 1599 cum
1412 1531 1537 1619 Borgia
1557 1553 1622 1619 per

392 1663 553 1750 epistolas
568 1665 761 1730 conferens.
784 1664 876 1730 Inter
895 1659 973 1740 alia,
1002 1660 1046 1728 de
1068 1657 1195 1724 vestitu
1212 1680 1232 1724 a
1258 1657 1359 1725 sociis
1380 1658 1413 1724 in
1432 1657 1622 1726 Germania

393 1789 561 1875 gestando
577 1787 751 1874 (451-434,
770 1804 847 1874 790,
867 1785 956 1873 791),
978 1785 1020 1850 de
1042 1782 1186 1849 formula
1200 1781 1235 1848 in
1257 1781 1411 1868 collegiis
1431 1783 1620 1849 fundandis

394 1912 597 1993 adhibenda,
615 1912 659 1979 de
671 1911 819 1998 collegio
833 1908 1061 1996 herbipolensi
1078 1910 1251 1976 rhenanae
1274 1905 1468 1994 provinciae
1485 1907 1615 1974 adscri-

393 2037 520 2118 bend03
540 2047 668 2106 etcum
684 2034 837 2104 Oliverio
854 2037 1027 2114 Manare0,
1046 2032 1104 2120 qui
1121 2053 1200 2101 eum
1217 2030 1389 2110 convenit,
1407 2031 1451 2098 de
1471 2032 1620 2118 collegio

392 2160 591 2228 virdunensi
603 2171 638 2228 et
653 2161 696 2228 de
710 2158 813 2228 variis
833 2157 981 2246 negotiis
1007 2156 1203 2243 provinciae
1222 2154 1387 2224 Franciae
1407 2155 1616 2223 consultavit

394 2287 483 2372 (458,
502 2285 580 2368 466,
598 2286 677 2368 467,
694 2285 785 2372 470).
803 2284 868 2351 His
884 2283 1039 2370 expletis,
1057 2282 1146 2369 dieo
1163 2280 1244 2366 Maji
1263 2282 1438 2367 profectus
1450 2281 1516 2348 fuit
1527 2283 1617 2350 Leo-

394 2408 488 2475 dium
508 2408 686 2474 rhauendo
707 2407 765 2494 (ait
787 2407 967 2486 Vinckius,
990 2409 1162 2474 rhenanae
1178 2405 1374 2492 provinciae
1393 2407 1622 2494 praepositus)

395 2554 456 2620 per
469 2533 503 2599 la
517 2554 580 2600 sua
595 2531 765 2619 presentia
784 2542 819 2598 et
838 2529 1056 2598 essortationi
1076 2541 1111 2598 et
1131 2529 1314 2598 direttione
1333 2532 1439 2599 molto
1465 2531 1622 2600 adiutato

395 2668 431 2724 et
446 2658 623 2724 consolato
635 2666 757 2741 questo
773 2655 940 2742 collegio„
960 2655 1061 2742 (794).

463 2783 501 2847 In
517 2779 691 2866 provincia
706 2782 734 2846 F
736 2801 918 2849 ennomus
933 2781 1041 2847 multo
1056 2780 1194 2867 longius
1211 2781 1410 2850 immoratus
1427 2783 1491 2851 fuit
1511 2785 1619 2852 Nata-

396 2905 451 2987 lis,
469 2926 539 2971 uno
559 2903 689 2974 scilicet
715 2926 805 2972 armo
826 2916 862 2974 et
888 2907 989 2988 ultra3
1012 2928 1091 2973 nam
1107 2905 1272 2974 Leodium
1294 2927 1373 2974 cum
1395 2911 1436 2978 P.
1460 2911 1618 2990 Costero,

396 3027 625 3116 provinciaeF
627 3027 776 3095 landriae
788 3027 955 3114 praeside,
965 3028 1222 3097 veniensmcdio
1231 3031 1301 3098 fere
1313 3033 1526 3118 menseMajo
1537 3033 1620 3099 anni

402 3155 498 3239 1567,
516 3173 586 3219 non
602 3175 645 3221 ex
660 3153 718 3219 illa
737 3153 913 3239 provincia
933 3153 1089 3220 discessit
1104 3174 1213 3238 usque
1234 3154 1277 3220 ad
1302 3168 1340 3238 15
1357 3155 1452 3242 Junii
1468 3156 1548 3224 anni
1563 3179 1621 3226 se-

398 3277 547 3364 quentis.
566 3279 610 3343 Et
625 3276 734 3362 primo
754 3276 891 3362 quidem
912 3276 1101 3344 Lovanium
1130 3277 1221 3344 venit
1237 3288 1271 3344 et
1295 3279 1484 3360 Bruxellas,
1504 3280 1562 3346 ubi
1579 3299 1618 3349 21

399 3401 482 3486 Maji
498 3401 700 3470 versabatur
716 3402 805 3489 (464,
834 3401 924 3484 485).
943 3401 1245 3487 Audomaropolim
1261 3423 1398 3488 quoque
1418 3425 1456 3472 se
1476 3406 1626 3471 contulit

401 3525 502 3613 (496),
521 3536 560 3591 ut
579 3524 671 3592 illius
685 3525 821 3613 collegii
839 3526 1072 3594 fundationem
1088 3538 1316 3612 promoveret,
1334 3537 1369 3594 et
1385 3527 1550 3595 Leodium
1566 3551 1622 3597 re·
1725 3575 1726 3601 r

399 3649 509 3732 diens,
538 3651 582 3716 ad
609 3651 807 3736 Spadannm
827 3671 889 3718 seu
917 3651 1104 3737 Spadnsem
1133 3653 1263 3719 fontem
1287 3672 1348 3737 per
1363 3653 1449 3718 duos
1470 3673 1620 3736 mansee,

397 3774 529 3844 viribus
545 3775 660 3843 fractis
676 3773 907 3842 restaurandis
923 3797 1060 3860 operam
1077 3775 1171 3844 dedit
1183 3777 1272 3861 (473,
1294 3792 1372 3864 495,
1392 3779 1480 3864 518),
1498 3778 1533 3846 id
1553 3791 1620 3860 est,
1722 3781 1723 3790 ’

371 3912 564 3969 'amensa
590 3899 694 3987 Junio
729 3919 838 3984 usque
865 3899 908 3964 ad
941 3916 978 3965 12
1006 3899 1170 3983 Augusti.
1205 3901 1335 3969 Eodem
1362 3911 1514 3988 tempore
1539 3925 1619 3971 cum

401 4027 442 4092 P.
461 4023 574 4091 Vinck
589 4025 633 4090 de
648 4023 752 4089 rebus
772 4021 968 4109 provinciae
988 4043 1065 4090 ase
1092 4022 1265 4109 inspectae
1285 4024 1486 4110 collocutus,
1508 4029 1621 4094 noluit

399 4148 443 4214 de
459 4169 500 4215 ea
516 4146 704 4232 quidquam
725 4159 888 4227 statuere,
913 4168 956 4214 eo
975 4148 1067 4231 quod
1083 4149 1273 4214 secundum
1292 4151 1452 4236 «regulas
1468 4149 1621 4219 visitato-

400 4267 482 4350 ris»,
500 4291 520 4336 a
536 4270 664 4358 Borgia
680 4283 835 4340 recenter
854 4271 1102 4359 promulgatas
1125 4271 1279 4359 inspecta
1307 4274 1492 4361 provincia,
1517 4276 1625 4361 juris-

400 4391 586 4461 dictionem
601 4396 729 4462 nullam
750 4395 785 4461 in
801 4395 893 4461 illam
906 4394 1029 4464 retinet
1052 4394 1246 4463 «visitator»
1272 4399 1361 4485 (797,
1377 4400 1465 4486 798);
1484 4400 1626 4467 consilia

401 4528 518 4588 tamen
533 4541 597 4587 sua
613 4520 706 4588 Patri
720 4519 832 4588 Vinck
848 4541 918 4587 non
933 4519 1130 4606 denegavit.
1143 4524 1220 4608 Jam
1242 4521 1346 4590 rebus
1367 4525 1394 4591 F
1396 4523 1548 4593 landriae
1569 4547 1624 4592 or—

399 4640 560 4711 dinandis
575 4665 713 4732 operam
729 4665 855 4712 navare
870 4641 982 4730 coepit
1003 4643 1038 4709 in
1054 4642 1199 4730 collegio
1215 4643 1392 4728 leodiensi,
1411 4648 1509 4733 cujus
1525 4647 1623 4716 insti-
