3494 5392
522 439 717 496 Pnooruruu
736 453 841 496 11111111
859 453 1030 500 1010111110
1308 457 1362 502 xm

163 595 202 659 B.
220 593 363 659 Petrum
378 590 559 658 Canisium
575 592 813 660 concionando
829 604 865 662 et
879 595 1061 664 scribendo
1076 597 1283 666 Germaniae
1303 598 1397 664 bono

163 716 332 784 efficacius
347 716 516 784 inservire
533 739 634 804 posse
645 717 815 786 existimat
828 720 894 806 (58,
911 719 977 806 59).
988 723 1229 808 Fuggerorum
1246 722 1396 792 familiae

163 850 331 908 amantem
347 862 386 908 se
401 840 543 910 exhibet
556 841 654 927 (125).
671 841 825 928 Reginis
839 843 975 910 filiabus
987 843 1194 912 Ferdinandi
1206 847 1220 911 l
1232 846 1392 928 caesaris,

163 965 341 1034 Societatis
360 965 591 1033 confessarios
607 966 892 1048 desiderantibus
907 967 955 1035 112
967 968 1126 1035 satisfieri
1141 981 1253 1052 curat,
1268 982 1307 1037 ut
1318 971 1396 1040 sine

160 1091 362 1159 detrimento
379 1090 581 1178 disciplinae
595 1091 779 1177 religiosae
790 1091 826 1157 id
837 1092 897 1186 fiat
914 1094 1004 1179 (127,
1024 1112 1102 1178 323,
1118 1096 1196 1178 326,
1210 1096 1304 1180 010).
1323 1096 1393 1163 Ca-

161 1216 240 1284 nisio
254 1218 371 1284 sacris
391 1215 678 1303 expeditionibus,
709 1237 797 1301 quae
823 1217 855 1285 ei
875 1229 910 1286 et
923 1218 1120 1304 provinciae
1148 1219 1395 1306 impedimento

161 1351 261 1422 erant,
279 1341 425 1410 liberari
452 1340 617 1427 cupienti,
636 1363 765 1410 morem
788 1342 878 1428 gerit
898 1343 965 1430 (67,
997 1359 1071 1427 115,
1099 1347 1173 1429 128,
1198 1364 1275 1433 209,
1295 1346 1389 1432 010).

160 1469 277 1536 Preces
293 1488 361 1552 pro
378 1465 477 1533 ducis
492 1466 661 1535 Saxoniae
677 1466 902 1534 conversione
918 1467 1038 1534 indicit
1054 1470 1143 1557 (148,
1171 1471 1256 1558 149),
1279 1481 1315 1538 01
1331 1491 1394 1556 pro

159 1594 261 1661 salute
276 1590 481 1659 archiducis
492 1590 700 1658 Ferdinandi
714 1593 814 1678 (150).
829 1593 973 1661 Summo
985 1595 1138 1681 pontifici
1151 1595 1393 1680 obsequentis-

159 1718 275 1786 simum
292 1739 334 1786 se
351 1719 494 1804 praebet
507 1717 596 1804 (149,
615 1718 693 1798 228,
712 1736 789 1802 235,
805 1736 882 1802 322,
906 1719 996 1806 482).
1020 1719 1288 1788 Difficultatibus
1309 1743 1392 1807 gra·

161 1843 310 1910 vioribus
322 1841 523 1930 provinciae
534 1842 741 1912 Germaniae
753 1843 937 1930 diligenter
948 1845 1104 1931 providet
1118 1847 1218 1932 (177).
1234 1847 1393 1933 Collegio

163 1967 363 2053 germanico
378 1989 448 2034 non
464 1965 530 2032 nisi
557 1967 702 2034 selectos
724 1967 872 2052 juvenes
899 1966 1062 2037 destinari
1085 1970 1185 2054 jubet
1202 1971 1291 2056 (178,
1319 1987 1393 2058 179,

164 2111 233 2172 201,
252 2111 337 2174 221,
359 2109 437 2174 227,
452 2091 541 2178 255).
561 2092 676 2158 Officii
687 2091 872 2159 visitatoris
884 2094 1035 2180 regulas,
1049 2095 1187 2161 decreta
1199 2114 1393 2181 congrega-

164 2219 300 2300 tionum,
321 2230 360 2288 et
375 2217 607 2287 ordinationes
628 2219 808 2306 generales
827 2220 942 2288 Natali
963 2219 1051 2287 mitti
1072 2231 1170 2288 curat
1193 2222 1282 2309 (227,
1300 2223 1392 2308 402).

161 2343 449 2433 Congregationis
464 2345 642 2412 decretum
657 2345 699 2412 de
714 2367 786 2411 non
797 2345 1023 2431 suscipiendis
1040 2346 1202 2415 oneribus
1225 2347 1341 2414 nimiis
1358 2349 1393 2414 in

163 2470 309 2558 collegiis
326 2481 471 2538 strenue
499 2469 651 2537 defendit
680 2471 768 2558 (228,
798 2472 889 2555 477).
907 2473 996 2538 Cum
1013 2471 1167 2558 pontifex
1183 2473 1394 2542 decrevisset

162 2619 223 2664 non
234 2597 496 2684 promovendos
507 2597 552 2663 ad
563 2595 700 2663 ordines
713 2617 830 2664 sacros
842 2596 1021 2682 religiosos
1034 2606 1114 2664 21110
1126 2597 1389 2685 professionem,

162 2722 303 2790 consulit
326 2721 459 2808 Borgia
479 2721 662 2806 theologos
681 2731 716 2789 et
737 2721 963 2807 provinciales
985 2721 1166 2790 Societatis
1187 2723 1231 2790 de
1256 2722 1399 2792 ratione·

158 2850 303 2917 'tenenda
320 2848 499 2930 inhaere,
513 2858 552 2913 ut
564 2847 734 2932 pontilicis
746 2849 923 2915 decretum
936 2868 1014 2914 cum
1027 2848 1155 2915 nostris
1171 2848 1394 2915 constitutio·

165 2974 223 3041 bus
237 2985 473 3060 componatur
489 2972 675 3060 (480-483).
695 2973 852 3040 Natalem
874 2971 909 3038 in
931 2971 1077 3039 Galliam
1094 2993 1278 3060 properare
1290 2973 1392 3058 jubet

163 3101 243 3186 (579,
261 3099 355 3183 605).
376 3095 612 3184 Collegiorum
630 3096 827 3184 provinciae
839 3095 1170 3184 Flandro-Belgicae
1187 3097 1394 3183 multiplica-

164 3222 283 3292 tionem
301 3235 338 3293 et
366 3223 579 3292 incrementa
606 3223 712 3303 fovet,
742 3221 854 3290 socios
881 3222 1029 3290 selectos
1045 3223 1154 3290 Roma
1181 3221 1285 3288 mittit
1301 3222 1391 3308 (546,

166 3349 424 3434 01551261,
444 3363 522 3432 575,
541 3349 618 3432 576²
639 3347 815 3435 579·582)-

221 3476 385 3544 Natalem
401 3473 584 3544 Societatis
600 3473 765 3540 vicarium
781 3471 974 3555 constituit,
989 3483 1024 3540 et
1039 3473 1075 3541 in
1092 3472 1295 3559 Hispaniam
1312 3495 1394 3560 pro-

164 3599 326 3668 ficiscitur
341 3621 422 3666 cum
437 3598 600 3666 cardinali
617 3599 851 3668 Alexandrino
872 3599 962 3686 (648,
985 3599 1074 3687 649).
1098 3599 1299 3667 Laudentur
1318 3599 1393 3683 ejus

164 3725 308 3795 virtutes
323 3735 359 3792 et
374 3733 485 3812 gesta.
506 3723 568 3792 Pie
583 3723 728 3790 moritur
743 3726 873 3792 Romae
890 3725 1078 3813 (657-662).

227 3854 347 3920 811111
364 3852 482 3917 Pnrm
498 3849 642 3917 Cnrusu
660 3858 760 3936 gesta
775 3870 838 3936 pro
858 3849 1016 3931 ecclesia,
1039 3870 1101 3936 pro
1123 3847 1310 3932 Societate,
1331 3871 1394 3936 pro

166 3975 365 4056 Germania,
379 3975 414 4041 in
427 3971 579 4042 maxima
591 3984 689 4061 parte
701 3973 921 4061 epistolarum
934 3972 1128 4060 hujuslibri
1140 3973 1391 4042 collaudantur.

167 4101 258 4169 Licet
269 4103 343 4187 jam
359 4123 403 4168 ex
418 4099 521 4166 dictis
537 4101 602 4166 sub
618 4119 762 4166 numero
783 4100 832 4166 1.⁰
848 4098 953 4184 hujus
969 4098 1104 4186 prologi
1121 4100 1212 4166 clare
1232 4112 1395 4188 appareat

167 4226 289 4295 Carrisii
304 4247 458 4314 operam,
476 4223 672 4305 consilium,
690 4223 929 4293 auctoritatem
946 4223 1096 4294 maxime
1112 4227 1156 4292 ad
1172 4224 1305 4294 felicem
1319 4218 1394 4294 0111-

166 4361 233 4418 tum
245 4351 463 4419 comitiorum
475 4359 750 4436 augustanorum
763 4347 962 4430 contulisse,
968 4349 1070 4434 juvat
1083 4359 1197 4419 tamen
1206 4351 1262 4418 hic
1270 4350 1393 4439 singil-

169 4474 257 4542 latim
271 4499 381 4563 pauca
396 4477 532 4555 afferre,
547 4473 673 4560 quibus
686 4471 771 4540 tanti
784 4470 847 4538 viri
861 4472 971 4560 gloria
987 4473 1113 4542 clarius
1129 4477 1317 4563 splendeat.
1339 4479 1393 4546 De

172 4599 226 4667 illo
249 4603 390 4684 Natalis,
420 4597 501 4668 euin
521 4597 679 4680 dixisset,
708 4609 828 4684 quater
842 4597 879 4665 in
894 4599 1109 4668 hebdomada
1130 4611 1213 4670 tunc
1230 4602 1393 4688 temporis
