3494 5392
646 499 679 554 16
697 497 814 570 an
835 497 904 568 1566
1312 509 1348 567 ⁸7

235 671 278 720 1ο.
320 653 412 720 Sono
427 650 487 717 doi
503 673 526 718 o
548 661 599 719 tre
618 648 732 737 giomi
754 651 818 720 che
839 648 944 737 parlai
961 652 1014 717 co’
1037 651 1049 716 l
1070 651 1126 719 S!
1150 652 1383 737 Prozcozque,

168 767 327 836 camarier‘
342 765 377 832 di
393 767 431 836 S.
451 769 517 848 M„
536 775 571 836 et
586 765 610 832 li
622 765 702 836 dete
713 767 745 833 le
756 766 878 838 lettere
893 765 949 834 del
961 767 1061 832 Rmo.
1076 764 1228 832 cardinal
1239 763 1383 852 Delphi-

168 905 212 951 no
226 894 258 952 et
270 884 309 949 de
324 883 367 950 V.
387 883 444 964 1².,
462 882 589 970 perche
604 902 666 967 per
679 879 729 947 lui
744 903 842 968 parse
857 882 922 948 che
936 879 966 947 si
977 879 1120 970 guidase
1136 891 1258 967 questo
1274 901 1383 968 nego-

170 1001 225 1080 tio,
240 999 266 1066 si
280 1019 373 1066 come
389 998 413 1064 il
429 999 541 1066 lllmo.
555 996 706 1066 cardinal
721 995 893 1084 Delphino
904 995 950 1062 mi
962 994 1047 1076 dise,
1061 1005 1096 1064 et
1108 997 1137 1063 s'
1150 996 1248 1065 offeri
1264 997 1381 1077 molt0,

168 1125 255 1182 tanto
269 1114 302 1182 in
316 1124 439 1200 questa
454 1133 552 1182 come
567 1113 647 1180 nell'
664 1113 750 1180 altre
770 1133 975 1181 occorrenze
997 1113 1085 1181 della
1105 1109 1340 1198 Compagnia:
1364 1112 1384 1178 ἑ

165 1227 328 1298 camarier'
353 1238 488 1298 secreto
511 1227 590 1294 dell’
615 1226 810 1314 imperator,
833 1237 868 1296 et
893 1228 926 1294 fa
948 1229 973 1294 l'
997 1226 1109 1294 officio
1135 1228 1179 1296 de
1206 1226 1382 1296 camarier'

164 1344 321 1432 maggior'
337 1344 374 1414 in
389 1342 546 1412 absentia
561 1340 596 1408 di
617 1343 745 1428 quello,
770 1353 806 1410 et
825 1343 845 1410 d
866 1353 986 1412 tenuto
1007 1365 1068 1432 per
1087 1343 1180 1411 buon
1202 1341 1380 1410 catholico,

163 1461 252 1530 Hieri
266 1460 310 1527 mi
325 1461 452 1528 mando
467 1461 500 1526 la
517 1460 662 1546 risposta
678 1457 713 1526 di
729 1459 767 1530 S.
787 1461 835 1528 M.
853 1481 915 1546 per
935 1458 959 1528 il
979 1458 1162 1530 secretario
1176 1458 1381 1546 spagnuolo,

162 1575 228 1643 cioe
241 1579 305 1644 che
323 1574 411 1642 hieri
433 1573 583 1642 darebbe
604 1571 783 1641 audiencia
806 1595 826 1642 a
846 1573 903 1640 doi
923 1573 1083 1661 principi,
1105 1584 1141 1641 et
1164 1595 1202 1642 se
1222 1572 1382 1642 auanzasi

164 1707 279 1778 tempo,
296 1692 329 1759 la
345 1691 442 1760 daria
457 1693 608 1760 anchora
622 1711 643 1758 a
658 1711 725 1772 me,
744 1701 833 1760 etse
845 1711 931 1771 non,
948 1691 982 1758 la
1001 1691 1151 1759 darebbe
1173 1689 1294 1778 hoggi3
1316 1673 1382 1756 con

164 1806 406 1894 sigrdficatione
422 1810 487 1876 che
502 1806 538 1874 di
553 1807 669 1874 buona
684 1785 824 1874 uolonta
838 1804 884 1872 mi
900 1805 1050 1875 sentiria.

226 1941 273 1990 11.
320 1921 390 1990 Doi
405 1922 520 2009 giorni
539 1943 560 1989 o
581 1934 633 1989 tre
656 1920 773 1988 auanti
795 1920 830 1988 di
856 1923 928 1988 dar'
951 1930 1071 2006 queste
1087 1921 1219 2000 lettere,
1237 1922 1383 1988 hauemo

165 2039 283 2123 perlato
297 2037 364 2106 alla
379 2036 612 2124 imperatrice,
630 2045 666 2105 et
685 2037 800 2104 datolc
814 2035 847 2104 le
861 2037 1000 2118 lettere,
1017 2034 1116 2122 grani
1131 2034 1282 2104 bendetti
1300 2045 1335 2104 et
1357 2035 1380 2104 l'

164 2153 293 2240 imagini
309 2175 317 2234 3
336 2165 372 2222 et
386 2164 495 2233 certo,
515 2153 643 2233 Padre,
666 2173 722 2222 me
742 2152 892 2220 consolai
915 2153 1161 2239 grandemente
1181 2150 1337 2220 uedendo
1357 2150 1381 2216 l'

163 2269 340 2356 allegrezza
355 2279 391 2337 et
407 2268 641 2336 consolatione
656 2269 721 2336 che
738 2269 775 2338 S.
794 2269 843 2336 M.
858 2266 1020 2347 riceuete‚
1035 2267 1067 2333 la
1079 2266 1178 2352 quale
1191 2264 1220 2334 si
1231 2275 1382 2334 muostra

162 2385 253 2451 molto
267 2385 426 2452 affettata
437 2404 458 2450 a
470 2385 514 2450 V.
531 2385 571 2451 P.
587 2394 623 2450 et
635 2383 701 2450 alla
712 2381 939 2469 Compagnia,
952 2380 1027 2450 etsi
1040 2381 1264 2449 raccomanda
1276 2381 1382 2448 rnolto

166 2499 240 2566 nelle
254 2520 319 2568 sue
334 2497 482 2566 orationi
497 2508 533 2568 et
546 2499 581 2566 di
598 2499 691 2566 tutti.

223 2632 270 2682 12.
320 2612 419 2681 Tutti
447 2613 560 2699 questi
583 2611 712 2700 signori
735 2611 916 2700 apagnuoli
936 2611 965 2680 si
985 2631 1071 2679 sono
1091 2611 1256 2680 consolati
1275 2611 1381 2680 molto

164 2750 217 2796 con
235 2731 266 2797 la
284 2740 406 2797 nostra
427 2739 579 2811 uenuta;
603 2738 638 2796 et
663 2728 905 2815 specialntcnte
924 2726 980 2796 del
995 2729 1036 2794 P.
1059 2727 1226 2795 Ximenez
1247 2727 1276 2794 si
1296 2748 1381 2795 sono

166 2844 296 2914 edificati
310 2844 420 2912 molto
432 2865 494 2934 per
507 2844 618 2932 gratia
625 2845 681 2912 del
691 2844 840 2930 Signore
846 2842 942 2910 molti
951 2842 1051 2910 amici
1063 2841 1184 2912 uecchi
1196 2845 1260 2912 che
1271 2863 1382 2910 aueua

165 2961 232 3026 olim
246 2959 279 3027 in
294 2969 420 3046 questa
436 2971 543 3030 corte.
563 2961 635 3030 Sua
650 2959 768 3028 diuina
784 2961 916 3028 Maesta
930 2958 961 3026 ci
977 2959 1034 3026 dia
1052 2959 1086 3025 la
1105 2979 1168 3026 sua
1188 2958 1382 3026 abondante

163 3077 258 3160 gratia
271 3077 316 3142 da
333 3079 539 3163 cognoscer'
553 3097 689 3162 sempre
705 3075 738 3142 la
753 3097 814 3142 sua
831 3073 1024 3143 sontissima
1040 3075 1196 3157 uolonta,
1213 3083 1248 3140 et
1269 3073 1382 3160 quella

166 3191 414 3276 perfettamente
440 3189 618 3278 adimpire.
647 3193 693 3260 D'
717 3191 897 3277 Augusta,
919 3189 976 3257 alli
1008 3190 1047 3257 16
1072 3187 1107 3255 di
1135 3191 1252 3257 Marzo
1283 3189 1378 3272 1566.

165 3308 201 3372 D.
214 3308 253 3376 V.
271 3309 311 3375 P.
334 3327 437 3374 seruo
453 3329 497 3376 en
512 3305 590 3388 X.⁰‚
1218 3301 1222 3310 ’

967 3429 991 3518 †
1014 3431 1155 3556 annc.
1180 3427 1203 3516 †

1084 3561 1091 3606 1

224 3653 407 3739 Inscriptio
423 3655 462 3720 in
478 3659 606 3740 quarto
617 3653 757 3741 pagina
768 3675 779 3719 .·
789 3655 890 3741 Jhus.
908 3652 954 3721 Al
969 3651 1074 3718 molto
1089 3652 1176 3719 Rdo.
1196 3651 1307 3719 Padre
1318 3671 1382 3717 no-

171 3775 231 3832 stro
248 3767 282 3834 in
303 3767 446 3836 Christo
461 3767 485 3834 il
504 3771 547 3836 P.
572 3766 756 3836 Francisco
772 3766 910 3854 Borgia,
932 3766 1104 3855 preposito
1118 3766 1280 3853 generale
1295 3765 1383 3832 della

171 3879 370 3970 Compagnia
391 3882 427 3949 di
446 3884 531 3972 Jesd
552 3894 633 3964 etc,
656 3905 677 3951 a
697 3883 916 3950 Romanoa
935 3903 1065 3950 manu:
1089 3883 1184 3966 1566.
1207 3881 1379 3968 Augusta.

172 3995 341 4068 Prttarat.
364 4000 407 4068 16
420 3997 457 4066 di
473 4001 599 4067 Marzo.
619 3999 661 4067 C.
679 3997 799 4086 Sigilli
812 3999 1008 4084 vestigium.
