3482 5386
439 513 494 583 766
872 512 977 566 Erusr.
998 510 1031 564 P.
1053 461 1166 566 Nabar.

403 676 547 751 patrono
572 663 818 745 difficultatem3
842 665 902 730 sed
925 664 1022 730 firma
1045 673 1117 729 erat
1134 661 1241 747 patris
1256 661 1439 729 visitatoris
1459 661 1623 730 sententia

404 754 487 820 nihil
502 776 578 822 esse
591 776 610 819 a
622 753 721 820 nobis
736 753 1005 832 concedendum,
1024 753 1205 836 quodcum
1218 750 1374 818 instituto
1387 763 1505 817 nostro
1517 751 1622 836 aliqua

402 852 555 928 exparte
576 864 729 928 pugnare
749 842 932 923 videretur,
954 861 1041 925 quae
1062 861 1117 908 res
1137 861 1207 905 non
1222 841 1332 906 levem
1348 839 1533 924 aliquando
1549 861 1619 908 ver·

402 933 523 998 borum
537 931 732 996 conflictum
746 929 919 997 excitauit.
935 930 972 995 In
985 927 1071 1006 aliis,
1081 949 1169 1013 quae
1181 951 1244 995 nos
1256 928 1391 1015 proprie
1403 951 1473 995 non
1485 949 1619 994 concer-

401 1021 540 1099 nebant‚
555 1019 840 1106 indulgentiorem
860 1041 897 1085 se
920 1017 1076 1104 praebuit
1101 1019 1202 1084 Pater
1224 1017 1390 1097 visitator,
1409 1039 1453 1083 ne
1471 1017 1617 1103 germani

399 1109 560 1196 principis
575 1109 746 1174 infirmum
767 1108 917 1174 animum
935 1107 1076 1192 grauius
1092 1105 1270 1191 affligeret.
1297 1108 1363 1172 Res
1387 1105 1535 1189 denique
1550 1115 1616 1171 tota

399 1199 540 1284 pacifice
557 1207 726 1263 transacta
741 1196 887 1262 videtur.
912 1197 1026 1262 Habet
1042 1195 1264 1261 nihilominus
1280 1196 1368 1260 male
1390 1194 1545 1260 nonnihil
1562 1216 1617 1278 pa-

402 1297 550 1364 tronum,
569 1295 605 1351 vt
625 1286 771 1364 videtur,
795 1285 886 1370 quod
912 1306 981 1350 non
1010 1294 1060 1349 tot
1075 1293 1109 1350 et
1137 1294 1249 1350 tantas
1268 1283 1303 1348 in
1330 1283 1492 1349 curandis
1509 1282 1615 1367 templi

400 1373 625 1454 caerimoniis,
643 1373 679 1440 in
694 1375 806 1439 dando
827 1371 945 1439 maiori
962 1373 1189 1458 professorum
1210 1393 1363 1451 numero,
1387 1381 1470 1451 etc„
1494 1371 1619 1456 obliga-

401 1463 511 1530 tiones
538 1463 710 1548 suscipere
736 1463 882 1530 voluerit
910 1460 1075 1529 Societas.
1106 1462 1229 1528 Vtrum
1261 1459 1488 1545 importabilia
1515 1473 1614 1540 erant,

402 1574 489 1637 quae
505 1551 678 1636 imponere
699 1551 797 1618 nobis
818 1551 981 1632 tentabat,
1000 1571 1116 1630 onera,
1134 1570 1213 1616 cum
1230 1558 1342 1617 tamen
1358 1551 1401 1615 de
1422 1548 1556 1632 collegii
1571 1547 1616 1611 di-

401 1639 531 1708 midiati
548 1639 745 1706 fundatione
762 1661 825 1706 nos
840 1649 952 1706 certos
968 1658 1034 1705 non
1053 1638 1190 1720 faceret,
1209 1649 1245 1704 et
1259 1639 1377 1705 eadem
1392 1659 1412 1704 a
1434 1636 1613 1713 dimidiato,

401 1751 489 1814 quae
504 1752 525 1796 a
541 1730 639 1814 pleno
666 1729 825 1814 collegi0,
855 1728 1060 1814 praestanda
1082 1749 1157 1795 esse
1184 1737 1380 1795 censeret...
1404 1725 1612 1793 Nouitiorum

401 1820 524 1884 domus
537 1817 737 1902 mol[estilae
748 1828 764 1860 ⁸
774 1817 901 1900 aliquid
913 1815 1066 1902 collegiis
1077 1815 1202 1883 nostris
1214 1817 1332 1883 afferet
1344 1833 1486 1900 propter
1497 1813 1612 1880 contri·

401 1907 560 1974 butiones
577 1929 718 1974 annuas.
738 1903 945 1994 Ordlinaui]t
961 1906 997 1970 in
1012 1927 1086 1971 eam
1108 1927 1177 1974 rem
1202 1903 1329 1989 aliquid
1346 1906 1385 1969 P.
1400 1903 1543 1983 Natalis,
1559 1903 1611 1966 sed

400 1996 528 2061 iudicat
543 2005 577 2061 et
604 1995 677 2080 ipse
701 2015 859 2080 magnam
882 1995 923 2060 in'
933 1994 1135 2062 executione
1151 1994 1223 2060 sore
1234 1993 1483 2060 difficultatem.
1500 1991 1610 2058 Procul

401 2084 505 2152 distat
520 2086 639 2165 Roma,
657 2103 721 2149 nec
741 2082 876 2168 expedit
895 2103 1013 2149 omnes
1036 2104 1076 2150 eo
1092 2081 1191 2147 mitti.
1207 2083 1355 2149 Laborat
1370 2080 1543 2167 prouincia
1556 2082 1611 2144 bo·

403 2194 523 2239 norum
535 2171 764 2258 operariorum
778 2172 930 2256 penuria,
943 2193 1006 2238 nec
1022 2172 1172 2238 abundat
1184 2170 1219 2236 in
1232 2170 1487 2256 temporalibus.
1502 2165 1612 2236 Omni·

403 2283 447 2327 no
462 2282 639 2346 speramus
655 2260 806 2346 proximo
823 2259 1014 2345 Septembri
1026 2259 1172 2344 aliquem
1188 2260 1316 2324 bonum
1328 2269 1363 2326 et
1374 2279 1497 2325 sanum
1512 2257 1609 2341 philo-

401 2351 550 2436 sophum
567 2373 587 2417 a
604 2352 643 2416 P.
668 2353 707 2416 T.
724 2349 823 2416 nobis
850 2349 990 2415 missum
1011 2347 1064 2429 iri,
1093 2348 1153 2433 qui
1174 2349 1215 2414 ad
1235 2349 1280 2414 D.
1307 2346 1476 2432 leronymi
1497 2349 1608 2413 festum

401 2461 528 2505 nouum
546 2439 580 2504 in
593 2437 723 2504 artibus
750 2459 887 2504 cursum
904 2435 1070 2522 auspicari
1094 2435 1212 2522 possit.
1243 2437 1379 2503 Certam
1401 2435 1499 2501 nobis
1518 2433 1610 2516 hujus

401 2527 449 2594 rei
466 2549 561 2612 spem
578 2527 659 2594 fecit
676 2528 713 2592 P.
731 2526 874 2607 Natalis,
888 2526 948 2611 qui
962 2525 1144 2612 diligenter
1159 2525 1262 2592 etiam
1279 2525 1315 2590 in
1329 2527 1394 2592 hac
1409 2547 1449 2592 re
1464 2523 1505 2591 ad
1518 2523 1553 2588 P.
1571 2522 1606 2585 T.

400 2639 440 2683 se
455 2615 629 2702 scripsisse
646 2615 740 2681 dixit.

981 2784 1046 2850 XV

630 2913 750 2996 QTTO
769 2913 1034 2971 TRUCHSESS
1054 2915 1111 2968 DE
1130 2909 1392 2969 WALDBURG

732 3051 870 3099 SANCTO
890 3049 1088 3098 FRANCISCO
1109 3051 1158 3097 DE
1179 3049 1292 3111 BORJA

775 3163 947 3249 Dilingae,
964 3183 1001 3246 31
1013 3163 1096 3252 Julii
1114 3162 1198 3245 1566
1218 3164 1239 3229 ¹.

541 3298 586 3353 De
598 3299 752 3370 scriptura
766 3296 959 3362 fundationis
971 3295 1091 3368 collegii
1108 3294 1256 3368 Dilingaa
1272 3292 1472 3362 reformanda

466 3415 573 3482 Molto
586 3415 677 3482 Rdo.
700 3413 735 3478 in
751 3412 887 3480 Christo
903 3413 1051 3480 fratello
1078 3411 1202 3478 Poiche
1220 3411 1424 3477 riceuemmo
1441 3411 1474 3476 la
1489 3407 1603 3474 minuta

399 3503 455 3568 del
471 3502 679 3587 Quirinotto,
697 3502 840 3568 formata
861 3523 960 3588 sopra
975 3502 1007 3568 le
1028 3499 1248 3567 conuentioni
1269 3500 1331 3566 che
1353 3508 1510 3565 trattamo
1527 3491 1600 3562 costi

398 3592 477 3658 dell'
500 3591 666 3659 erettione
693 3602 728 3657 et
754 3590 984 3657 stabilimento
1000 3589 1058 3673 qui
1075 3589 1129 3654 del
1146 3587 1302 3674 collegio,
1325 3588 1358 3652 la
1380 3585 1542 3673 presentia
1554 3579 1599 3646 del

400 3681 440 3746 P.
459 3681 580 3748 Natale
596 3682 672 3748 fece
692 3682 756 3746 che
783 3679 1041 3746 cominciammo
1065 3677 1286 3744 adiscorrere
1309 3677 1402 3745 detta
1422 3677 1555 3752 minuta;
1571 3683 1599 3736 et

398 3767 613 3836 considerata
627 3770 726 3848 bene,
745 3791 813 3836 non
829 3769 862 3834 la
877 3767 1107 3854 giudicamrno
1122 3765 1156 3831 di
1172 3767 1250 3850 quel
1266 3765 1359 3831 buon
1375 3766 1491 3833 ordine
1505 3759 1598 3830 chela

397 3857 664 3936 desiderauamo,
681 3867 792 3925 atteso
816 3861 880 3923 che
895 3859 928 3925 le
944 3855 1083 3922 materie
1110 3877 1177 3919 non
1198 3875 1302 3921 erano
1322 3852 1471 3940 disposta
1489 3875 1507 3917 a
1524 3844 1598 3914 lochi

398 3946 488 4026 suoi,
507 3958 541 4015 et
561 3947 665 4013 molte
687 3969 755 4012 non
775 3968 878 4014 erano
897 3945 1058 4031 esplicate
1073 3943 1313 4022 chiaramente‚
1332 3963 1427 4010 corne
1446 3945 1602 4008 haremno

399 4035 592 4104 uoluta-Di
618 4034 779 4116 maniera,
805 4038 881 4114 che,
903 4055 967 4099 con
984 4034 1009 4097 l'
1027 4033 1119 4098 aiuto
1143 4031 1177 4097 di
1193 4032 1288 4099 detto
1305 4033 1345 4100 P.
1375 4033 1493 4098 Natale
1511 4036 1541 4095 et
1555 4021 1598 4088 del

398 4124 549 4202 Canisi0‚
560 4124 590 4189 ci
604 4134 799 4190 mettemmo
811 4122 870 4209 giu
883 4146 903 4189 a
915 4123 1098 4188 reformare
1111 4123 1169 4185 un’
1183 4119 1292 4186 intero
1305 4119 1534 4196 instrumento,
1546 4131 1600 4178 con

395 4215 429 4278 la
447 4212 692 4279 dichiaratione
714 4209 831 4298 aperta
855 4211 943 4279 della
964 4209 1154 4278 intentione
1170 4220 1286 4275 nostra
1303 4229 1403 4294 sopra
1417 4209 1507 4275 detta
1524 4211 1598 4296 eretj

397 4302 490 4372 tione
506 4313 540 4369 et
556 4301 797 4382 stabiliment0‚
823 4299 950 4368 sicome
966 4301 1014 4368 V.
1042 4302 1083 4368 P.
1102 4300 1146 4367 R.
1171 4297 1274 4363 uedra
1290 4317 1350 4382 per
1374 4318 1440 4363 una
1462 4291 1550 4378 copia
1570 4287 1598 4350 dl

401 4415 599 4428 --.--

448 4467 465 4500 ⁸
494 4455 626 4511 Discissa
639 4455 738 4509 charta
748 4453 796 4509 hic
810 4463 840 4508 et
853 4454 940 4525 paulo
955 4447 1077 4506 inferius
1095 4449 1210 4521 aliquae
1224 4447 1339 4503 litterae
1351 4448 1508 4520 perierunt·

399 4554 595 4566 ...-

450 4595 458 4626 ¹
495 4593 538 4644 Ex
552 4591 721 4662 archetypo,
738 4589 767 4644 in
784 4587 855 4644 Cod.
871 4587 918 4658 38,
933 4585 1043 4659 duplici
1062 4585 1124 4654 fol,
1148 4585 1198 4655 146
1216 4583 1304 4655 (134).
1327 4581 1402 4638 Vide
1419 4595 1487 4654 pag.
1508 4585 1559 4646 1973
1571 4577 1595 4624 ⁰⁸

399 4678 526 4751 append.
545 4679 622 4733 Xlll.
