3456 5386
636 509 749 580 4MAJ1
770 509 840 579 1566
1277 523 1313 581 95

120 655 157 721 rit
171 655 205 722 in
219 657 285 724 hoc
301 659 460 748 negotio,
478 660 594 728 statim
614 660 793 729 efficiatur.
814 663 967 750 Legatus
987 683 1084 745 uero,
1102 663 1206 732 etiam
1228 661 1256 729 si
1278 684 1348 730 non

119 783 336 861 protestetur,
356 785 468 844 tamen
496 777 623 844 diserte
645 775 763 844 testari
790 789 921 864 potest,
943 799 982 847 se
1002 779 1095 845 nihil
1108 778 1250 845 istorum
1271 787 1348 844 acta

119 875 265 972 prebere.
283 893 475 958 Precamur
488 901 527 957 ut
538 890 678 959 Domini
690 893 851 960 uoluntas
866 892 901 960 in
914 893 1075 960 omnibus
1087 894 1159 972 fiat,
1178 894 1222 960 ad
1233 893 1347 962 eccle-

119 1001 182 1070 siae
196 1006 391 1076 catholicae
407 1006 695 1088 aedificationem,
712 1018 748 1074 et
762 1006 971 1077 Germaniae
986 1010 1144 1077 salutem.

179 1121 277 1188 Haec
290 1144 314 1188 a
325 1121 425 1190 nobis
435 1121 529 1190 dicta
540 1121 620 1202 sint,
631 1132 668 1189 et
678 1121 833 1190 subiecta
845 1132 1042 1192 reuerenter
1055 1122 1227 1192 iudicioS.
1240 1124 1284 1190 D.
1300 1123 1345 1190 N.

117 1245 147 1300 et
161 1235 198 1304 S.
215 1236 323 1306 Sedis
338 1237 560 1325 apostolicae,
577 1235 798 1323 omniumque
813 1237 941 1307 rectius
954 1238 1187 1306 sentientium.

117 1349 363 1422 Hrauouruus
379 1355 557 1422 Namms.
595 1356 742 1422 Pennus
760 1354 949 1423 Cnmsms.
976 1356 1139 1443 Jnconus
1156 1355 1343 1422 Lanasun.

172 1538 294 1602 mr
715 1541 748 1603 C

282 1695 537 1756 QUAESTIONES
560 1695 634 1744 CUM
658 1695 841 1743 BREUIBUS
866 1695 1177 1744 RESPONSIONIBUS

187 1833 217 1883 1.
266 1819 334 1899 An,
349 1828 463 1884 stante
476 1817 635 1884 mandato
646 1817 818 1903 pontificis
830 1827 869 1883 ut
884 1818 927 1884 ad
944 1816 1221 1904 protestationem
1237 1817 1347 1885 deue-

123 1929 246 2012 niatur,
259 1954 336 2000 curn
352 1931 644 2019 praeiudicaretur
656 1931 801 1999 concilio
813 1932 1011 2012 tridentino,
1027 1933 1118 2017 quod
1131 1933 1174 2000 ad
1185 1933 1348 2018 dogmata

125 2045 278 2129 pertinet,
287 2059 322 2116 et
334 2046 582 2114 affirmantibus
595 2047 730 2114 interim
743 2067 905 2133 expresse
916 2046 1098 2134 theologis,
1108 2046 1189 2113 huic
1201 2046 1346 2114 concilio

128 2181 183 2244 per
204 2163 494 2230 confirmationem
518 2161 612 2248 pacis
633 2162 745 2247 quoad
767 2163 929 2248 dogmata
949 2182 1018 2228 non
1034 2161 1274 2248 praeiudicari,
1300 2161 1348 2228 sit

128 2273 337 2346 nihilominus
352 2279 396 2344 ad
413 2277 692 2364 protestationem
707 2275 976 2346 deueniendum?

188 2395 286 2480 Resp.
333 2396 454 2461 Donec
481 2392 634 2480 pontifex
660 2392 828 2458 maximus
855 2391 939 2459 certi
969 2391 1097 2477 aliquid
1125 2391 1344 2478 respondeat,

130 2527 196 2574 non
221 2508 350 2578 uidetur
379 2509 422 2574 ad
449 2507 732 2594 protestationem
753 2507 924 2593 publicam
947 2516 982 2573 et
1003 2508 1197 2586 solennem,
1221 2508 1277 2574 uel
1300 2507 1345 2572 ob

133 2643 224 2707 quarn
239 2622 399 2694 metuitur
413 2622 616 2711 periculum,
630 2641 705 2689 esse
717 2621 982 2690 deueniendum.

195 2757 224 2806 2.
267 2741 322 2807 An
344 2737 559 2825 protestatio,
581 2737 711 2804 caesari
730 2757 845 2804 coram
867 2736 1000 2804 notario
1019 2747 1055 2804 et
1075 2736 1221 2805 testibus
1237 2737 1339 2816 facta,

137 2855 335 2937 probabiliter
350 2855 510 2920 credetur
525 2853 679 2932 molesta,
698 2863 733 2920 et
749 2873 826 2918 cum
842 2851 1031 2920 offensione
1047 2851 1194 2918 caesaris
1210 2872 1250 2918 ac
1266 2851 1346 2919 reli-

139 2969 248 3054 gionis,
266 2972 379 3037 sutura
394 2971 491 3037 esse?

194 3087 288 3172 Resp.
335 3085 483 3154 Videtur
503 3083 561 3150 illa
579 3083 708 3151 caesari
729 3084 883 3164 molesta,
906 3094 941 3152 et
963 3104 1041 3149 cum
1061 3082 1136 3150 eius
1157 3080 1346 3149 offensione

139 3201 246 3282 futura,
259 3213 293 3268 et
306 3201 495 3269 uerendum
508 3220 554 3267 ne
565 3219 644 3266 cum
660 3198 789 3265 iactura
802 3198 905 3265 etiarn
922 3196 1097 3284 religionis
1109 3197 1144 3263 in
1158 3197 1274 3263 multis
1287 3197 1347 3262 fiat

137 3317 193 3382 hoc
208 3329 363 3404 tempore.

194 3452 222 3515 3.
265 3433 322 3500 An
337 3431 527 3500 timendum
549 3453 594 3499 ne
614 3428 813 3516 protestatio
834 3429 893 3497 det
916 3426 1090 3496 schismati
1111 3427 1348 3494 occasionem?

193 3549 284 3633 Resp.
330 3547 478 3615 Videtur
494 3545 682 3614 timendum
698 3567 743 3614 ne
758 3544 839 3613 inde
853 3553 1008 3612 sumatur
1023 3543 1157 3610 occasio
1182 3541 1346 3608 schisma-

140 3660 185 3741 tis,
199 3665 253 3730 aut
268 3665 388 3731 saltem
405 3685 449 3730 ne
465 3661 576 3729 minor
590 3661 638 3728 sit
654 3660 734 3726 unio
750 3671 902 3727 statuum
918 3658 1162 3726 catholicorum
1185 3677 1264 3723 cum
1289 3677 1347 3721 ca-

141 3777 198 3862 pite
223 3800 285 3847 suo
310 3778 473 3865 pontifice
505 3776 670 3857 maximo,
701 3777 793 3842 unde
819 3774 953 3841 initium
981 3773 1154 3841 schismati
1183 3771 1346 3855 consequi

143 3893 239 3976 possit.

193 4029 223 4092 4.
267 4009 520 4091 An,cardinale
531 4017 726 4095 augustano
738 4017 773 4072 et
785 4017 919 4074 oratore
929 4005 1021 4092 regis
1031 4003 1189 4072 catholici
1201 4012 1235 4071 et
1248 4004 1348 4070 theo-

141 4121 212 4210 logis
236 4125 395 4194 omnibus
422 4123 640 4193 monentibus
664 4144 708 4191 ne
730 4122 931 4210 protestatio
959 4121 1035 4202 fiat,
1061 4119 1105 4187 sit
1128 4117 1349 4187 nihilominus

140 4243 402 4324 protestandum?

191 4359 286 4445 Resp.
332 4359 414 4424 Non
425 4355 573 4436 videtur,
587 4353 654 4421 nisi
665 4355 767 4421 allata
778 4353 922 4422 clariore
933 4352 1105 4441 pontificis
1119 4349 1258 4418 maximi
1269 4371 1348 4416 sen-

139 4472 238 4554 tentia,
254 4485 293 4541 ut
308 4473 443 4539 dictum
458 4480 523 4539 est.

194 4605 223 4672 5.
267 4591 326 4658 An
342 4587 452 4675 possit
467 4588 552 4654 haec
568 4585 642 4653 fieri
657 4583 871 4674 protestatio,
888 4583 990 4653 etiam
1006 4594 1082 4670 post
1098 4582 1260 4650 comicia?

193 4706 289 4792 Resp.
339 4703 489 4772 Videtur
504 4702 578 4770 fieri
592 4723 706 4789 posse,
728 4721 906 4788 perquem
926 4709 961 4766 et
982 4699 1267 4784 quemadmodum
1285 4718 1343 4763 vo·
