3564 5380
428 487 481 543 822
861 487 964 544 Errsr.
985 486 1018 540 Ρ.
1039 485 1152 542 Nion.

392 639 576 726 legiorum.
594 637 703 742 Igitur
719 661 738 707 a
754 636 965 741 tenuioribus
980 636 1154 740 principiis
1169 658 1240 705 rem
1255 637 1447 740 ordiendam
1463 648 1550 724 puto,
1561 649 1597 707 et

395 749 598 815 progressus
613 749 686 815 rpse
701 738 830 829 negotn
846 729 1054 809 admonebit,
1068 748 1136 812 quo
1151 737 1250 814 pacto
1266 727 1426 814 paulatim
1440 729 1481 794 ad
1494 728 1596 814 perfe-

396 817 504 885 ctiora
514 817 614 886 liceat
628 838 816 904 pervenrre.
831 817 931 898 Sunt,
943 816 1002 901 qui
1014 816 1058 882 ob
1071 814 1262 884 tarditatem
1274 815 1460 884 calcaribus
1470 827 1594 902 egeant,

394 905 550 972 nonnulli
565 907 643 992 plus
657 904 842 974 voluntatis
862 926 963 990 quarn
983 904 1154 973 facultatis
1173 905 1348 986 adferunt,
1366 915 1437 971 tum
1456 903 1525 972 aliis
1539 904 1597 971 alia

393 995 537 1063 dessunt
567 997 635 1062 huc
661 993 865 1081 spectantia,
897 1003 934 1060 ut
960 992 1124 1074 inventio,
1153 992 1312 1075 elocutio,
1340 993 1510 1080 dispositio
1536 993 1594 1060 lin·

393 1103 483 1169 guae
499 1093 566 1152 etc.
580 1086 708 1152 Verum
725 1103 796 1149 non
812 1082 998 1151 diffiderem
1011 1083 1145 1149 Patrem
1157 1081 1392 1168 provintialem
1407 1083 1476 1150 aP.
1490 1083 1527 1148 T.
1541 1099 1594 1151 ex-

394 1171 535 1239 citatum
551 1171 699 1240 rationes
714 1172 910 1238 commodas
922 1170 1075 1240 invenire
1086 1192 1198 1257 posse,
1211 1170 1337 1257 quibus
1348 1169 1458 1256 pauci,
1471 1181 1509 1236 ut
1520 1169 1594 1249 dixi,

394 1280 436 1327 ea
452 1259 715 1342 conscriberent,
731 1281 819 1345 quae
831 1279 909 1325 cum
921 1261 1022 1326 laude
1033 1259 1069 1325 in
1080 1259 1253 1345 publicum
1265 1260 1514 1344 evulgarentur.
1527 1261 1597 1344 Qua

396 1349 432 1414 in
447 1371 485 1418 re
500 1348 529 1414 si
544 1358 580 1416 et
596 1360 760 1434 quantum
777 1349 818 1417 P.
835 1347 949 1416 Natali
965 1347 1009 1414 sit
1023 1348 1257 1428 deferendum,
1276 1349 1317 1417 P.
1335 1350 1376 1415 T.
1390 1347 1595 1432 judicandum

396 1458 464 1524 ego
483 1437 684 1523 relinquam.
702 1439 805 1506 Certe
821 1436 911 1503 illius
926 1436 1094 1523 judicium
1114 1436 1333 1524 magnifacio,
1351 1438 1411 1503 sed
1426 1434 1602 1502 consultius

397 1525 469 1591 fore
495 1526 597 1608 duco,
620 1537 657 1592 ut
683 1548 726 1598 ex
746 1524 951 1595 authoritate
972 1525 1082 1592 Patris
1103 1525 1321 1611 provincialis
1344 1525 1449 1592 nostri
1468 1545 1518 1592 res
1536 1534 1602 1590 tota

395 1616 555 1700 pendeat,
573 1614 632 1698 qui
648 1637 708 1700 per
723 1636 760 1682 se
776 1635 925 1700 suosque
940 1613 1149 1682 consiliarios
1163 1626 1198 1682 et
1214 1616 1395 1700 deputatos
1409 1612 1444 1680 in
1459 1615 1520 1679 hac
1530 1633 1599 1700 pro·

397 1700 504 1768 vintia
523 1723 683 1772 censores
704 1703 866 1776 librorum
887 1702 985 1770 facile
1001 1702 1185 1787 judicabit,
1208 1703 1333 1788 quibus
1355 1701 1463 1768 modis
1484 1723 1533 1768 res
1552 1699 1601 1766 in-

398 1790 514 1858 choari
529 1801 564 1861 et
580 1791 720 1878 provehi
736 1791 948 1862 commodius
963 1803 1066 1878 queat
1082 1794 1126 1857 ad
1141 1792 1305 1860 ecclesiae
1321 1791 1510 1859 utilitatem.

928 2015 1090 2084 LXXXV

659 2155 699 2210 Ρ.
725 2154 1001 2214 austrannus
1033 2154 1360 2212 nancunrnuus

779 2301 884 2355 PATRI
902 2301 1066 2349 ΜΑΤΗΙΑΕ
1081 2301 1246 2349 LACKNER

750 2425 893 2504 Romae,
916 2440 954 2506 17
971 2421 1131 2490 Octobris
1152 2439 1235 2507 1574
1253 2425 1276 2491 ¹.

715 2555 763 2646 De
775 2556 860 2617 libris
872 2556 964 2611 Patri
976 2555 1084 2611 Natali
1092 2557 1310 2628 procurandis.

467 2682 581 2768 Jesus,
607 2680 630 2768 †
658 2683 981 2766 M.—Quant0pere
1008 2703 1129 2749 omnes
1151 2681 1315 2750 debemus
1341 2679 1435 2746 Patri
1461 2678 1616 2766 magistro

407 2767 617 2853 Hieronymo
633 2769 758 2852 Natali,
777 2770 879 2836 credo
901 2780 993 2836 tuam
1016 2771 1058 2837 R.
1077 2770 1205 2854 optime
1224 2769 1332 2850 scire3
1355 2781 1516 2854 quantum
1535 2789 1615 2836 uero

404 2877 474 2942 ego
490 2855 624 2941 cupiam
641 2867 679 2922 ut
694 2859 784 2924 bono
799 2857 873 2928 seni
888 2858 1047 2925 omnibus
1062 2858 1097 2922 in
1113 2859 1216 2926 rebus
1230 2879 1464 2944 quaecumque
1474 2856 1611 2923 charita-

406 2945 451 3012 tis
466 2945 577 3011 officia
593 2945 828 3026 exhibeantur,
847 2945 987 3034 potuisti
1007 2968 1049 3013 ex
1069 2945 1154 3014 meis
1173 2946 1308 3028 litteris,
1322 2967 1400 3032 cum
1420 2945 1476 3015 ille
1495 2947 1537 3012 ad
1555 2965 1615 3011 uos

408 3034 513 3114 uenit,
532 3033 732 3121 intelligere.
752 3037 855 3120 Quod
867 3037 976 3106 Tuam
992 3037 1033 3103 R.
1049 3035 1201 3103 effecisse
1211 3035 1278 3102 iarn
1288 3034 1450 3121 cognoui,
1467 3046 1501 3103 et
1516 3036 1613 3103 laeta-

408 3137 464 3188 tus
484 3144 559 3189 sum
581 3144 789 3210 magnopere
809 3123 843 3190 in
865 3123 1025 3194 Domino.
1043 3125 1112 3193 Sed
1131 3143 1209 3190 curn
1229 3134 1330 3211 egeat
1350 3124 1464 3210 aliquo
1482 3143 1615 3191 numero

408 3211 592 3293 librorum,
610 3211 645 3278 in
665 3213 888 3298 quibuscum
910 3213 1022 3279 fructu
1043 3212 1149 3298 possit
1169 3224 1279 3282 terere
1300 3225 1450 3298 tempus,
1467 3211 1565 3300 cupio
1582 3219 1618 3276 ut

409 3303 486 3368 Tua
502 3302 543 3367 R.
561 3311 596 3366 et
612 3312 671 3367 tuo
687 3311 722 3366 et
737 3322 813 3368 meo
828 3301 965 3370 nomine
980 3300 1081 3367 alicui
1100 3301 1304 3388 bibliopolae
1323 3303 1490 3388 spondeas
1509 3311 1543 3369 et
1563 3320 1619 3366 uas

409 3388 457 3456 sis
473 3389 652 3475 pecuniam
673 3411 736 3457 nos
757 3390 800 3456 ad
819 3408 985 3456 summam
1006 3400 1144 3457 centum
1165 3411 1344 3457 aureorum
1365 3411 1428 3476 pro
1449 3401 1500 3456 tot
1518 3386 1614 3466 libn's,

411 3499 498 3563 quos
515 3489 615 3558 emet,
634 3499 697 3544 nos
713 3490 789 3564 post
808 3477 982 3546 biennium
998 3478 1108 3546 eidem
1122 3477 1325 3566 bibliopolae
1340 3490 1530 3546 curaturos.
1547 3479 1618 3544 Hoc

411 3588 489 3634 meo
516 3565 653 3636 nomine
673 3569 715 3636 R.
744 3568 785 3636 P.
815 3567 1027 3652 Hieronymo
1047 3567 1159 3634 Natali
1185 3565 1411 3654 significabis,
1440 3578 1474 3634 et
1500 3567 1618 3632 bonum

412 3677 541 3735 senem,
560 3665 597 3720 ut
612 3657 713 3736 soles,
732 3656 876 3725 fouebis.
894 3659 947 3724 Ac
963 3677 1018 3722 me
1038 3656 1247 3723 orationibus
1262 3667 1297 3725 et
1311 3655 1438 3723 sanctis
1453 3653 1618 3722 sacrificiis

412 3747 493 3812 R.⁸e
510 3745 590 3812 T.⁸¹e
607 3747 820 3813 commendo.
838 3745 977 3825 Rornae,
996 3744 1063 3831 xvij
1081 3743 1242 3812 Octobris
1262 3761 1357 3829 1574.

414 3892 626 3906 ,ψ

466 3965 475 3998 ¹
513 3967 557 4022 Ex
570 3966 711 4040 Regesto‚
727 3966 798 4024 coa.
813 3983 846 4038 33
853 3967 898 4042 j),
912 3967 962 4024 fol.
979 3979 1011 4038 17
1024 3985 1053 4023 v.
1068 3967 1102 4023 In
1115 3968 1256 4039 margine:
1270 3969 1373 4024 Padre
1386 3971 1481 4024 ratior
1493 3967 1526 4022 di
1538 3964 1622 4022 Hau.

415 4054 492 4110 Vide
506 4053 592 4128 epist.
607 4055 672 4126 560,
687 4073 716 4111 n.
731 4069 758 4126 23
772 4064 802 4112 et
815 4056 878 4129 562,
891 4075 920 4112 n.
936 4069 963 4112 2.
