3318 5376
511 515 544 573 19
562 502 749 560 Noverroms
770 499 838 574 1566
1185 487 1248 558 '311

138 675 175 724 2.
224 655 469 743 Speeialmente
494 657 607 724 scriuo
627 666 748 742 questa
763 679 824 744 per
850 657 1003 724 mandar'
1022 658 1088 722 alla
1109 658 1149 722 P.
1173 658 1217 721 V.
1243 677 1292 721 un

76 773 217 857 capitolo
228 775 288 840 che
302 772 417 839 scriuo
433 773 465 839 al
481 775 522 840 P.
541 773 719 840 Laurenzo
737 775 745 806 ¹
762 795 863 859 sopra
878 772 902 838 il
917 771 1057 859 negotio
1074 773 1117 839 de
1133 773 1292 839 Trebona

79 901 110 956 et
124 889 320 956 Casarruoua
335 890 361 968 ¹,
379 889 436 956 nel
451 887 553 973 quale
569 887 615 952 mi
630 889 651 954 ὲ
665 910 764 974 parso
780 887 844 956 ⁸'si
861 887 926 954 laci
943 888 1102 976 (secondo
1117 887 1150 954 la
1166 885 1292 952 comis-

79 1003 168 1072 sione
183 1005 265 1071 della
280 1007 320 1070 P.
337 1005 395 1089 V.)
411 1005 445 1070 la
460 1003 630 1090 diligenza
642 1005 706 1071 che
723 1005 846 1070 vederi
861 1015 895 1070 et
907 1002 1083 1090 giudicari
1098 1002 1204 1069 molto
1217 1022 1290 1067 me-

80 1119 143 1204 glio
157 1117 192 1184 in
210 1129 292 1186 tutto
307 1129 443 1203 questo,
461 1117 651 1186 ordinando
671 1117 705 1183 in
727 1128 817 1185 tutto
833 1117 886 1186 cib
907 1117 966 1204 piri
985 1139 1007 1184 o
1027 1138 1140 1198 meno,
1163 1125 1292 1202 quanto

79 1237 189 1318 pareri
206 1257 224 1302 a
238 1235 283 1304 V.
306 1237 348 1300 P.
367 1237 411 1301 Et
427 1254 498 1300 non
513 1254 650 1300 occorre
666 1233 763 1300 altro.
778 1234 805 1300 Il
821 1233 969 1320 Signore
984 1232 1034 1299 sia
1050 1253 1115 1299 con
1127 1231 1195 1299 noi.
1216 1231 1290 1298 Oro

74 1357 132 1432 pro
147 1350 247 1431 nodis,
262 1353 384 1416 Pater.
502 1328 506 1335 ’

135 1485 165 1549 3.
212 1467 286 1532 Alle
302 1467 388 1533 altre
409 1485 490 1534 cose
505 1466 594 1534 della
609 1465 731 1533 lettera
750 1466 793 1533 de
809 1464 864 1545 26,
882 1486 919 1532 se
935 1465 955 1530 ὁ
977 1463 1123 1548 qualche
1140 1484 1208 1529 una
1223 1464 1288 1530 che

78 1580 159 1666 uogli
174 1584 288 1648 haue?
307 1581 466 1667 risposta,
484 1582 517 1648 la
532 1582 616 1648 dard
631 1602 697 1647 con
712 1581 746 1647 la
761 1579 871 1666 gratia
886 1581 930 1646 de
944 1578 1091 1665 'Signore
1106 1598 1166 1664 per
1184 1579 1287 1644 Mtro.

81 1695 216 1764 Canisio.
233 1696 330 1765 Hieri
358 1697 472 1764 hebbe
488 1697 609 1766 lettere
631 1697 687 1763 del
715 1699 755 1763 Ρ.
786 1695 915 1761 Wineh
927 1695 953 1776 ³,
976 1695 1065 1760 doue
1085 1691 1161 1759 dice
1177 1694 1242 1760 che
1257 1691 1293 1758 in

80 1811 208 1880 Treueri
223 1815 265 1878 ha
277 1822 412 1880 cessata
427 1813 460 1878 la
475 1795 584 1898 peste‘,
603 1821 637 1880 et
653 1811 676 1877 li
692 1810 800 1878 nostri
815 1809 1047 1888 ritornauano,
1066 1817 1101 1876 et
1112 1809 1292 1874 haueuano

83 1925 237 2012 proposito
255 1927 290 1993 di
312 1927 471 1995 rinouare
498 1927 521 1992 li
547 1925 650 2012 studij
668 1948 688 1992 a
715 1927 787 1996 sta.
815 1923 1017 2004 Camerina,
1041 1923 1064 1993 il
1084 1925 1149 1991 che
1169 1921 1202 1987 io
1223 1943 1292 1988 non

81 2041 204 2110 haoerei
219 2045 350 2125 uoluto,
373 2043 449 2110 neb
468 2045 532 2110 che
548 2042 619 2108 cosi
635 2051 749 2128 presto
765 2040 985 2122 ritornasero,
1004 2040 1048 2105 ne
1063 2037 1092 2104 si
1108 2047 1293 2105 mettesero

81 2158 242 2244 alegger',
260 2170 296 2226 et
316 2159 350 2226 lo
365 2157 530 2244 impediri)
545 2180 584 2226 se
604 2141 873 2244 posso,'benche
889 2156 992 2223 credo
1018 2157 1095 2222 sari
1115 2151 1173 2239 gii
1193 2153 1288 2218 fatto.

84 2272 181 2358 Tropo
194 2285 309 2360 presto
325 2274 510 2355 ritornan03
529 2272 624 2340 mail
646 2271 794 2358 Signore
808 2272 857 2358 gl'
875 2269 1016 2336 aiutari.
1040 2267 1207 2337 Scriuono
1228 2288 1292 2332 an-

81 2389 166 2454 chora
188 2411 256 2456 una
279 2392 398 2457 buona
413 2410 541 2470 nuoua,
559 2387 671 2456 chela
688 2386 769 2453 citra
785 2387 814 2452 s’
832 2387 851 2452 ὁ
868 2385 1046 2451 accordata
1072 2383 1140 2449 co'l
1157 2381 1291 2448 arciue·

82 2523 180 2586 scouo,
197 2516 233 2574 et
247 2508 312 2572 dhe
333 2507 435 2572 nond
450 2503 601 2590 pericolo
616 2504 659 2569 de
674 2500 853 2580 seditione,
872 2510 938 2567 etc.
962 2508 986 2566 ⁰.
1004 2499 1044 2564 El
1061 2499 1131 2566 S.⁰¹
1153 2496 1203 2564 sia
1218 2517 1285 2562 con

83 2617 138 2686 noi.
157 2620 229 2686 Ora
244 2629 312 2706 pro
333 2621 438 2701 nodis,
452 2622 572 2685 Potor.
591 2617 661 2686 Alli
681 2636 720 2705 19
735 2617 778 2682 de
794 2615 990 2683 Nouembre
1010 2613 1105 2696 1566.
1120 2613 1164 2679 D.
1184 2612 1228 2678 V.
1244 2611 1286 2676 P.

82 2754 168 2802 seruo
180 2759 223 2806 en
239 2735 316 2818 X.⁰,

873 2851 1059 3028 quAL·
1086 2849 1109 2937 †

134 3081 311 3168 Inscriptio
338 3105 360 3148 a
387 3087 496 3170 tergo:
523 3083 621 3169 Jhus.
652 3077 847 3146 Admodum
875 3074 959 3141 Rdo.
991 3071 1086 3139 Patri
1107 3081 1224 3138 nostro
1250 3070 1287 3136 in

83 3193 209 3281 Christo,
228 3197 444 3266 Franciscoa
461 3193 599 3282 Borgia‚
618 3189 800 3264 societatis
812 3192 894 3278 Jesu
911 3186 1103 3274 praeposito
1118 3185 1282 3272 generali,

81 3319 132 3375 etc.
148 3313 283 3381 Romae.
299 3313 381 3379 Alio
396 3333 516 3376 manu:
528 3332 559 3377 e.
579 3331 624 3375 rn.
643 3308 736 3374 Alia:
752 3343 796 3356 —
811 3341 855 3354 -
870 3340 915 3352 -
930 3301 947 3345 ‘¹
968 3305 1008 3369 P.
1032 3300 1165 3368 Natale.
1190 3319 1228 3388 19
1251 3299 1285 3365 di

83 3423 271 3498 Nouembre.
296 3428 487 3513 Vestigium
503 3425 627 3512 sigilli.

84 3561 258 3579 ᾕ-

123 3641 138 3674 ²
160 3633 333 3690 Emendavit
345 3633 415 3689 libr.
432 3631 553 3686 averba
566 3645 651 3701 seqq.
669 3644 705 3683 ex
712 3625 857 3700 fora-b
887 3620 1009 3678 Addidit
1032 3619 1088 3674 hoc
1110 3617 1197 3672 verb.
1218 3615 1285 3671 libr.

85 3731 154 3789 ΜΡΝ
165 3733 297 3780 verm-⁰
310 3739 328 3794 9
345 3723 436 3777 verba
448 3737 531 3793 seqq.
546 3717 659 3773 Natalis
676 3731 762 3770 manu
776 3712 873 3769 addita
886 3718 955 3767 sunt
968 3710 998 3765 in
1012 3723 1108 3778 marg.
1124 3705 1176 3750 ..d
1187 3705 1287 3760 Scissa

86 3805 176 3882 clota,
187 3831 252 3886 pers
264 3811 354 3884 hujus
366 3807 565 3882 inscriptionis
578 3804 773 3862 desideratur.

86 3910 261 3930 Ἣ

127 3965 134 3994 ¹
165 3965 287 4038 Magius,
301 3961 470 4036 provinciae
484 3957 622 4015 Austriae
632 3956 806 4012 moderator.

126 4053 135 4084 ¹
166 4053 340 4127 Videepist.
357 4050 468 4123 432‚n.
483 4049 512 4118 63
525 4045 590 4120 437,
603 4065 633 4102 n.
646 4063 673 4116 93
688 4043 797 4118 443,n.
816 4041 843 4110 33
858 4048 888 4096 et
901 4039 964 4111 446,
979 4057 1012 4097 n.
1030 4051 1057 4093 2.

124 4139 134 4170 ³
164 4142 332 4200 Provinciae
346 4142 493 4196 rhenanae
506 4135 699 4210 praepositus.
