3494 5392
545 1 728 30 ,ΓΤῊ-.-Ἷ
750 1 773 14 ,f
789 1 802 4 ..
813 1 826 24 γ,
846 1 872 4 ..
899 1 908 4 -
924 1 943 4 ..

35 271 36 295 l

33 318 34 333 l

500 535 693 593 Paooamuu
710 547 816 592 ruarn
832 547 1005 594 voturrnus
1268 550 1345 596 xxm

141 705 229 751 nunc
243 703 326 752 cum
344 685 501 756 externis
517 688 754 757 conversando
776 687 876 776 (664).
901 689 1022 756 Electo
1043 690 1217 758 Everardo
1240 691 1380 758 Mercu·

144 807 235 876 riano
257 811 462 898 praeposito
482 812 636 900 generali
657 811 853 894 societatis,
875 812 1008 881 Natalis
1025 815 1097 900 jam
1120 825 1234 884 aetate
1255 837 1379 902 prove-

144 945 228 1016 ctus,
244 945 281 1002 et
296 935 467 1024 regimini
481 959 565 1025 prae
580 936 675 1006 senio
690 936 865 1019 inhabilis,
882 936 967 1004 nihil
982 938 1117 1026 gratius
1131 941 1207 1006 Deo
1222 960 1260 1007 se
1279 961 1380 1027 prae-

143 1067 228 1124 stare
242 1079 351 1144 posse
368 1059 582 1145 existimans,
599 1083 701 1148 quam
723 1073 761 1130 ut
781 1061 918 1149 scriptis
937 1062 1009 1131 suis
1029 1073 1217 1132 extremam
1239 1084 1378 1130 manum

142 1181 345 1268 imponeret,
363 1182 400 1250 id
412 1185 587 1253 Everardo
598 1184 788 1274 proposuit.
805 1185 1053 1269 Mercurianus,
1068 1197 1190 1274 utpote
1201 1186 1261 1273 qui
1272 1189 1380 1274 probe

141 1319 279 1376 noverat
308 1331 479 1393 amorem,
508 1331 578 1396 quo
603 1311 736 1379 Natalis
763 1311 800 1378 in
823 1331 1007 1399 germanos
1026 1313 1213 1394 ferebatur,
1239 1323 1377 1399 gratum

140 1431 311 1500 facmrum
327 1435 425 1502 bono
440 1433 516 1505 seni
531 1435 717 1504 arbitratus
733 1446 798 1518 est,
816 1435 846 1503 si
861 1457 941 1504 eum
961 1435 997 1503 in
1020 1435 1240 1505 Germaniam
1261 1436 1376 1503 mitte·

139 1569 185 1624 ret
204 1561 300 1646 (731,
325 1561 417 1648 734).
441 1563 561 1647 ltaque
581 1563 691 1630 Roma
710 1565 886 1649 profectus
906 1572 960 1630 est
979 1561 1112 1630 Natalis
1137 1581 1256 1632 mense
1283 1563 1376 1648 Majo

139 1682 214 1749 anni
233 1701 338 1770 1574,
358 1685 551 1753 Bononiam
567 1685 723 1774 pervenit
738 1685 794 1756 die
810 1703 852 1771 25
869 1685 1024 1773 ejusdem
1041 1685 1180 1767 mensis,
1197 1685 1375 1774 Oenipon-

142 1819 205 1874 tem
224 1828 266 1894 13
277 1810 389 1899 Junii,
408 1820 443 1878 et
458 1809 577 1898 paucis
591 1820 669 1898 post
684 1810 807 1879 diebus
819 1811 956 1892 Halam,
971 1831 1060 1896 quae
1076 1820 1129 1880 est
1141 1811 1224 1878 urbs
1236 1809 1373 1893 Tirolis,

142 1953 264 2020 magna
280 1935 388 2002 animi
403 1935 637 2004 consolatione
652 1935 831 2023 ingressus
846 1945 900 2004 est
916 1937 1005 2024 (666,
1023 1935 1114 2022 667).

203 2057 235 2146 c)
251 2060 398 2126 Natalis
414 2061 452 2126 in
467 2060 603 2127 natam
617 2059 946 2149 collegio.-Tribus
961 2059 1062 2128 annis
1077 2069 1112 2129 et
1124 2060 1262 2126 duobus
1273 2058 1372 2126 circi-

143 2191 190 2248 ter
203 2183 385 2252 meusibus
400 2183 513 2253 Halae
527 2181 612 2251 vixit
626 2187 667 2253 P.
681 2183 826 2266 Natalis,
844 2183 961 2271 ibique
977 2181 1268 2271 septuagesimum
1284 2203 1368 2249 suae

141 2307 257 2376 aetatis
271 2329 405 2376 annum
421 2307 583 2396 explevit.
604 2310 694 2376 Toto
710 2311 777 2376 hoc
793 2308 955 2396 temporis
970 2309 1081 2396 lapsu,
1100 2308 1155 2375 vel
1170 2305 1368 2389 scribend0,

141 2433 192 2498 vel
206 2434 277 2502 suis
291 2433 433 2522 scriptis
448 2434 672 2504 emendandis
687 2455 826 2521 operam
843 2433 995 2518 navavit,
1012 2445 1047 2505 et
1064 2434 1235 2502 interdum
1252 2431 1370 2517 aliqua

144 2558 321 2644 superioris
346 2559 556 2629 Germaniae
580 2559 727 2646 collegia
747 2557 876 2628 invisit.
900 2559 1057 2647 Singulis
1078 2558 1255 2628 mensibus
1278 2558 1369 2624 Eve-
1397 2589 1400 2594 ·

146 2684 241 2751 rardo
254 2684 476 2754 Mercuriano
490 2684 643 2754 scribere
658 2685 765 2754 semel
779 2685 901 2753 saltem
914 2683 1077 2766 assuevit,
1091 2683 1292 2769 litterasque
1303 2705 1368 2770 pa-

148 2815 239 2876 temo
251 2831 371 2878 amore
385 2811 505 2896 plenas
519 2812 564 2877 ab
578 2809 636 2877 illo
652 2807 776 2878 eximio
790 2809 877 2893 viro,
895 2809 954 2895 qui
969 2829 1102 2876 summa
1116 2806 1298 2895 prudentia
1310 2817 1366 2874 to·

149 2943 214 3000 tarn
227 2934 437 3005 Societatem
453 2937 683 3022 gubemabat‚
701 2937 897 3022 frequenter
915 2935 1057 3022 recepit.
1075 2935 1207 3004 Omnes
1227 2934 1289 3000 has
1308 2932 1366 2998 lit-

150 3067 232 3126 teras
243 3057 347 3128 simul
363 3059 422 3126 hic
437 3060 589 3129 edendas
603 3058 776 3143 duximus;
794 3059 952 3145 quamvis
962 3059 1054 3127 enim
1066 3057 1199 3126 minora
1212 3055 1365 3125 subsidia

148 3181 298 3254 b'storiae
313 3186 507 3267 conferant,
523 3205 627 3270 quam
646 3185 903 3272 praecedentes,
921 3185 965 3253 de
985 3183 1111 3270 quibus
1126 3185 1294 3250 hactenus
1309 3180 1362 3247 di-

147 3304 260 3391 ximus,
277 3321 394 3378 tamen
409 3307 549 3378 minime
563 3330 705 3397 prorsus
719 3307 858 3377 inutiles
873 3308 1005 3378 censeri
1021 3309 1162 3378 debent.
1176 3309 1214 3375 ln
1229 3305 1272 3376 iis
1288 3316 1363 3376 ete-

148 3430 210 3498 nim
225 3456 266 3502 ex
282 3456 350 3502 una
361 3444 460 3522 parte
469 3434 584 3503 elucet
596 3431 802 3503 Mercuriani
817 3455 901 3522 erga
913 3435 1070 3502 Natalem
1082 3432 1312 3514 observantia,
1327 3443 1363 3500 et

148 3575 252 3624 rerum
266 3580 328 3646 pro
343 3557 517 3628 societate
533 3559 667 3646 abipso
683 3569 858 3647 gestarum
879 3558 1043 3628 memoria
1062 3568 1098 3627 et
1118 3580 1189 3626 non
1208 3555 1363 3645 vulgaris
1387 3609 1391 3616 .

151 3682 341 3754 aestimatio.
359 3686 414 3752 En
429 3704 498 3770 quo
513 3694 615 3772 pacto
629 3683 703 3772 ipse
718 3683 954 3754 Mercurianus
969 3685 1056 3755 haec
1072 3683 1176 3752 animi
1191 3681 1245 3750 sui
1261 3703 1363 3750 sensa

152 3805 299 3892 Holfaeo,
315 3807 523 3878 Germaniae
538 3806 724 3896 superioris
737 3807 950 3895 provinciali,
963 3807 1148 3897 aperiebat:
1169 3816 1362 3891 «...tuaque

153 3933 256 4002 omnia
268 3933 426 4022 collegia,
446 3935 654 4020 ubicumque
668 3933 701 4003 ei
715 3933 883 4021 placuerit
898 3931 1112 4014 commorari,
1126 3931 1229 4018 cupio
1246 3941 1284 3998 ut
1298 3951 1362 4018 pa·

152 4068 247 4142 teant,
269 4070 373 4147 atque
400 4061 488 4129 adeo
514 4081 534 4127 a
560 4060 623 4128 T!
641 4059 735 4140 R.·‚
767 4069 928 4145 tanquam
949 4056 1032 4124 mihi
1054 4056 1131 4144 ipsi,
1156 4056 1361 4126 offerantur.

151 4183 312 4271 Optimum
327 4184 420 4255 enim
435 4204 567 4266 senem,
584 4194 621 4251 et
635 4193 830 4253 nostrarum
847 4203 960 4253 rerum
977 4179 1235 4269 peritissimum,
1248 4179 1363 4248 redire

147 4309 185 4374 ad
197 4331 266 4394 uos,
282 4321 321 4378 ut
336 4311 432 4379 bono
446 4307 552 4377 omini
568 4318 685 4380 uestro
701 4330 778 4379 esse
793 4309 895 4391 duco,
915 4307 962 4376 ita
982 4329 1053 4376 non
1076 4305 1197 4376 dubito
1217 4305 1301 4392 quin
1317 4327 1361 4374 ex

146 4431 282 4504 eiusdem
297 4434 437 4504 diuinae
451 4431 689 4522 prouidentiae
706 4431 929 4520 dispositione
940 4431 1135 4520 proueniat;
1149 4430 1242 4519 quia,
1256 4428 1361 4497 mira-

146 4560 196 4628 bili
208 4563 308 4633 huius
322 4558 639 4652 apostolicaesedis
653 4557 833 4642 beneficio,
847 4579 932 4647 erga
942 4557 1174 4642 Germaniam,
1188 4576 1361 4626 summum

146 4686 325 4770 pontificem
337 4687 383 4757 ad
393 4705 578 4775 germanos
589 4685 758 4754 iuuandos
769 4682 922 4752 induxit»
934 4683 1034 4773 (817).
1049 4681 1190 4752 «Merita
1202 4692 1238 4750 et
1248 4678 1364 4750 uirtus
