3494 5392
322 1107 714 1198 PROOEMIUM
759 1111 969 1200 TERTII
1008 1109 1358 1202 VOLUMINIS

282 1477 338 1541 En
359 1473 436 1556 tibi,
455 1476 564 1544 lector
580 1479 760 1566 benevole,
774 1481 914 1549 tertium
930 1492 967 1548 et
985 1479 1141 1547 ultimum
1154 1479 1374 1566 epistolarum
1389 1479 1454 1546 Na-

209 1600 293 1666 talis
320 1601 490 1667 volumen
523 1603 741 1686 exhibemus3
769 1605 929 1672 ultimum
957 1603 1095 1691 quidem
1122 1605 1361 1691 epistolarum,
1390 1625 1460 1670 non

209 1737 332 1792 autem
355 1736 573 1794 caeterorum
605 1729 736 1796 Natalis
765 1729 989 1816 scriptorum;
1011 1737 1175 1814 sequetur
1201 1727 1294 1795 enim
1317 1738 1460 1815 quartus

211 1859 346 1926 tomus,
365 1843 403 1910 in
419 1865 489 1930 quo
505 1847 689 1933 praecipua
704 1847 796 1916 illius
817 1847 951 1936 egregii
971 1847 1036 1914 viri
1052 1857 1285 1928 monumenta,
1310 1868 1398 1934 quae
1415 1847 1460 1914 ad

210 1970 395 2037 historiam
410 1971 594 2040 Societatis
605 1995 729 2041 novam
742 1974 855 2041 lucem
867 1974 993 2042 addere
1007 1984 1182 2060 poterunt,
1197 1970 1299 2040 simul
1311 1973 1458 2038 collecta

210 2098 447 2182 proferemus.
465 2095 504 2162 In
520 2097 588 2163 hac
604 2107 719 2167 autem
735 2097 948 2185 praefatione
964 2097 1008 2165 ab
1024 2097 1144 2166 ordine
1159 2095 1195 2163 in
1209 2095 1381 2183 prioribus
1394 2075 1467 2162 vo?

210 2220 407 2287 luminibus
427 2232 565 2289 servato
584 2222 725 2290 minime
745 2223 976 2292 recedendum
997 2222 1244 2304 existimamus3
1269 2231 1308 2288 ut
1333 2241 1457 2307 nempe

206 2345 324 2430 primo
341 2345 423 2412 loco
442 2345 486 2446 de
514 2368 671 2431 numero,
695 2358 768 2416 tum
787 2348 832 2415 de
855 2358 990 2429 natura,
1009 2345 1158 2434 denique
1174 2348 1218 2415 de
1242 2344 1456 2433 argumentis

205 2473 439 2558 epistolarum
455 2495 566 2560 pauca
581 2475 856 2562 praemittamus

284 2865 316 2915 1.
365 2847 603 2932 Epistolarum
619 2851 837 2938 aliorumque
850 2855 1150 2917 monumentorum
1163 2848 1448 2916 numerus-Ac

206 2971 327 3058 primo
343 2973 498 3059 quidem,
520 2997 609 3060 quae
629 2979 671 3044 de
693 2977 791 3064 copia
814 2987 1113 3046 monumentorum
1130 2975 1166 3042 in
1185 2977 1253 3041 hoc
1269 2973 1445 3042 volumine

205 3099 427 3166 edendorum
443 3099 480 3164 in
499 3101 680 3186 prodromo
695 3100 840 3170 secundi
856 3098 1043 3167 voluminis
1059 3100 1270 3179 dicebamuS,
1290 3097 1448 3165 «uberio-

205 3245 294 3302 rem,
319 3221 465 3304 scilicet,
487 3235 642 3310 segetem
663 3226 708 3292 ad
729 3224 864 3294 tertiam
891 3224 1046 3310 ejusdem
1076 3221 1231 3309 [Natalis]
1249 3221 1285 3288 in
1301 3223 1448 3289 Germa-
1479 3256 1482 3261 ·

203 3349 302 3414 niam
318 3346 517 3416 missionem
534 3351 599 3415 sub
621 3349 660 3420 S.
678 3349 862 3418 Francisco
879 3350 922 3418 de
946 3349 1049 3434 Borja
1064 3346 1268 3435 pertinere»,
1287 3345 1359 3431 jam
1375 3344 1447 3412 suis

201 3473 354 3560 ipsemet
369 3473 480 3540 lector
495 3474 603 3542 oculis
618 3475 812 3562 perspicere
828 3473 966 3561 poterit.
990 3474 1035 3538 Et
1051 3495 1088 3541 re
1104 3469 1243 3557 quidem
1259 3491 1354 3552 vera,
1368 3469 1443 3556 epi-

200 3599 315 3666 stolas
326 3618 398 3664 non
413 3597 527 3666 minus
544 3615 621 3683 275,
643 3602 812 3669 hactenus
828 3598 864 3666 in
885 3597 1029 3666 diversis
1046 3594 1223 3664 tabulariis
1238 3593 1444 3663 delitescen-

202 3735 270 3804 tes,
289 3722 370 3791 heic
386 3723 602 3806 exhibemus,
616 3745 636 3790 a
648 3745 767 3794 mense
776 3723 907 3793 scilicet
917 3721 1105 3791 Februario
1117 3719 1198 3787 anni
1220 3719 1304 3802 1566
1315 3718 1358 3784 ad
1370 3719 1443 3784 De-

198 3848 380 3916 cembrem
402 3863 486 3932 1577
501 3847 618 3930 datas;
644 3869 787 3934 quarum
808 3849 870 3936 169
890 3857 971 3914 sunt
996 3848 1037 3914 P.
1054 3843 1185 3914 Natalis
1202 3844 1440 3929 autographae

198 3973 255 4038 vel
276 3973 501 4058 archetypae,
524 3993 654 4058 eaeque
674 3973 801 4060 longae
825 3983 864 4040 ut
880 3970 1065 4060 plurimum
1082 3990 1123 4037 ac
1144 3964 1361 4035 documentis
1385 3965 1442 4031 hi-

194 4098 337 4166 storicis
352 4099 559 4185 locupletes
578 4101 622 4168 lis
639 4102 849 4187 respondent
870 4101 945 4182 106,
959 4110 995 4166 et
1007 4095 1166 4183 amplius,
1181 4092 1296 4163 Natali
1313 4115 1333 4159 a
1351 4096 1439 4161 Bor⁶

193 4222 254 4310 gia
277 4223 336 4291 vel
363 4225 407 4290 ab
435 4224 510 4292 aliis
533 4226 645 4309 datae;
671 4226 810 4312 quibus,
833 4225 906 4294 sive
933 4225 969 4292 in
992 4220 1285 4302 annotationibus,
1316 4241 1379 4288 seu
1402 4220 1437 4286 in

197 4319 461 4434 appendicibus
481 4350 654 4418 accedunt
675 4352 736 4435 167
752 4360 974 4420 monumenta
985 4346 1159 4428 historica,
1174 4345 1278 4415 etiam
1290 4343 1433 4425 inedita,

194 4473 241 4537 ad
254 4471 406 4556 ipsarum
419 4473 639 4560 epistolarum
652 4485 856 4564 argumenta
869 4473 1082 4541 illustranda.
1097 4473 1135 4539 ln
1150 4473 1217 4538 hoc
1233 4471 1354 4537 ultimo
1371 4489 1435 4534 nu·

198 4617 298 4664 mero
315 4597 537 4668 continentur
557 4601 595 4668 18
611 4599 757 4683 litterae,
777 4624 797 4669 a
818 4600 916 4668 nobis
932 4608 1010 4688 post
1025 4597 1125 4685 primi
1140 4597 1196 4665 vel
1212 4593 1359 4664 secundi
1374 4612 1438 4660 vo·
