3414 5374
422 455 476 526 652
811 457 915 513 Earsr.
935 455 969 512 Ρ.
990 455 1194 527 Naum-544

385 617 455 692 tuS,
476 617 511 676 et
527 607 727 675 charissimo
743 607 838 676 Patri
855 627 924 674 non
941 628 1082 694 possum
1099 629 1168 676 non
1184 609 1360 696 gratulari,
1375 607 1468 694 quod
1481 628 1610 694 sperem

388 724 455 790 hac
470 721 668 790 occassione
687 723 778 804 lore,¹
789 733 827 790 ut
848 733 985 792 nostrae
1002 721 1206 809 provintiae,
1223 721 1313 791 sicut
1334 733 1369 791 et
1389 721 1509 788 multis
1524 721 1607 802 aliis,

388 840 561 926 praeclare
577 839 788 906 consulatur.

455 957 510 1024 De
525 977 579 1023 me
596 954 679 1020 nihil
695 955 806 1022 dicam
822 953 926 1036 aliud,
944 974 1047 1039 quam
1063 953 1155 1040 quod
1170 975 1213 1022 ex
1233 954 1346 1021 animo
1366 951 1502 1040 cupiam
1525 973 1609 1018 noro

387 1069 555 1156 superiori
571 1090 632 1154 per
647 1068 761 1136 omnia
772 1067 927 1156 obsequi,
942 1079 977 1136 et
989 1066 1155 1156 singulari
1167 1067 1381 1136 obedientiae
1393 1067 1508 1134 studio
1520 1088 1609 1133 com-

389 1206 536 1272 pensare
552 1184 599 1265 id,
622 1185 715 1270 quod
730 1183 801 1251 scio
821 1194 857 1251 et
871 1185 970 1251 doleo
991 1205 1093 1270 saepe
1108 1206 1129 1251 a
1144 1205 1199 1251 me
1213 1184 1489 1270 praetermissum
1512 1192 1609 1267 atque

392 1301 589 1386 neglectum
609 1323 697 1380 esse,
721 1298 919 1386 praesertim
939 1319 1007 1384 quo
1028 1310 1182 1386 tempore
1205 1297 1415 1368 visitatorem
1439 1298 1531 1385 apud
1553 1319 1609 1362 nos

392 1414 466 1502 egit
486 1418 527 1482 R.
553 1416 608 1496 T.,
635 1416 691 1481 cui
712 1435 779 1502 ego
798 1415 943 1481 multum
967 1435 1070 1501 saepe
1090 1413 1220 1502 negotii
1244 1425 1279 1484 et
1301 1413 1479 1483 molestiae
1504 1411 1608 1480 attuli.

395 1529 570 1616 Propitius
586 1529 669 1596 mihi
686 1530 730 1597 sit
746 1527 913 1597 Dominus
933 1531 980 1598 ¹...

961 1721 1050 1786 Md

728 1854 768 1919 P.
794 1852 1105 1921 HIERONYMUS
1128 1851 1293 1919 NADAL

600 1984 739 2040 PATRI
766 1981 1125 2043 CHRISTOPHORO
1148 1982 1417 2042 RODRIGUEZ

875 2107 907 2154 et
918 2097 1048 2172 quinque
1061 2097 1150 2155 sociis

792 2227 913 2280 nouas,
930 2227 960 2270 11
975 2226 1194 2286 auousr11571
1209 2215 1231 2272 ¹.

511 2330 643 2386 Litterae
653 2333 793 2402 potantes
804 2331 846 2385 ad
859 2330 969 2386 bellum
982 2331 1132 2386 turcicum
1142 2330 1400 2406 proficiscentibus
1411 2329 1513 2386 darae.

462 2457 537 2544 Jhs
554 2455 785 2540 Hieronymus
800 2453 944 2536 Natalis,
957 2453 1106 2522 vicarius
1118 2455 1299 2526 Societatis
1310 2457 1407 2546 Jesu.
1423 2455 1566 2524 Salutem
1576 2449 1606 2513 in

400 2571 561 2651 Domin0,
579 2581 645 2639 etc.
665 2570 754 2636 Cum
770 2569 865 2637 iussu
882 2569 1087 2638 sanctissimi
1104 2569 1233 2638 domini
1248 2570 1356 2638 nostri
1374 2569 1425 2638 Pii
1444 2565 1559 2655 quinti,
1577 2575 1606 2628 et

399 2707 442 2754 ex
455 2695 570 2752 nostra
583 2684 789 2767 obedientia,
803 2685 846 2754 ad
859 2686 1001 2752 classem
1014 2685 1216 2755 Catholicae
1228 2685 1428 2767 Maiestatis,
1440 2703 1524 2770 quae
1534 2700 1604 2746 con·

402 2811 455 2868 tra
470 2811 585 2867 turcas
602 2801 804 2883 destinatur,
822 2801 963 2868 dilectos
979 2801 1014 2868 in
1031 2800 1168 2869 Christo
1188 2802 1309 2871 fratres
1329 2805 1374 2868 D.
1398 2795 1603 2882 Christopho-

404 2935 480 2982 rum
495 2915 701 3002 Rodriguez,
721 2928 755 2982 et
771 2915 854 2983 alios
870 2915 1021 3001 quinque
1037 2918 1081 2985 de
1096 2927 1212 2985 nostra
1228 2916 1412 2998 Societate,
1430 2916 1472 2982 ad
1492 2912 1604 2980 anima·
1686 2919 1687 2984 ἕ

404 3051 479 3098 rum
497 3030 661 3096 auxilium
677 3043 712 3098 et
728 3029 902 3098 charitatis
917 3052 1021 3118 opera
1032 3033 1236 3114 exercenda,
1250 3032 1437 3115 mittamus,
1451 3030 1544 3096 fidem
1557 3043 1605 3110 per
1686 3033 1687 3042 ’

404 3156 604 3233 praesentes
621 3145 737 3212 literas
753 3145 866 3212 lacere
884 3145 1066 3228 uoluimuS,
1085 3149 1179 3232 quod
1194 3147 1389 3234 praedictus
1405 3149 1445 3213 P.
1468 3140 1605 3212 Christo-

406 3263 536 3349 phorus
552 3261 747 3348 Rodriguez
770 3261 804 3328 in
826 3264 890 3328 hac
911 3261 1072 3329 missione
1091 3273 1125 3330 et
1150 3261 1342 3331 obedientia
1365 3261 1514 3348 superior
1534 3256 1606 3320 inter

405 3397 467 3445 eos
483 3387 549 3459 est,
566 3387 601 3442 et
617 3394 685 3443 tam
703 3375 775 3462 ipse
792 3398 894 3462 quam
911 3375 967 3442 alii
982 3377 1052 3443 duo
1068 3379 1274 3461 sacerdotes,
1292 3377 1351 3462 qui
1366 3399 1446 3446 eum
1462 3371 1606 3442 comitan-

408 3501 476 3571 tur,
495 3491 693 3557 facultatem
709 3492 838 3558 habent
854 3491 969 3559 omnia
984 3491 1165 3560 Societatis
1180 3505 1318 3559 nostrae
1334 3491 1514 3559 ministeria
1526 3501 1606 3552 erer-

409 3607 522 3675 cendi.
541 3608 629 3674 Nam
647 3607 766 3674 missas
782 3608 968 3688 celebrare,
986 3617 1021 3674 et
1036 3610 1180 3675 uerbum
1196 3608 1261 3678 Dei
1276 3607 1482 3695 praedicare,
1499 3614 1604 3673 etcon-

410 3722 576 3790 sessiones
592 3721 743 3792 fidelium
759 3723 890 3804 audire,
909 3735 944 3792 et
955 3735 1168 3793 sacramenta
1179 3724 1382 3804 ministrare,
1397 3733 1432 3791 et
1444 3715 1605 3789 doctrinam

409 3837 630 3905 christianam
654 3838 779 3923 ubique
794 3840 919 3908 docere
938 3837 1091 3927 legitime
1106 3851 1262 3926 possunt,
1280 3850 1346 3907 etc.
1369 3837 1524 3906 Diuinam
1544 3847 1605 3917 pre·

466 4043 473 4074 ¹
512 4043 593 4098 Haec
607 4052 675 4098 sunt
689 4043 779 4098 verba
792 4041 930 4114 egregiae
943 4041 1033 4098 animi
1045 4041 1233 4098 demissionis
1246 4051 1276 4100 et
1295 4041 1464 4112 modestiae,
1479 4053 1545 4114 quae
1560 4025 1607 4085 δῖ’

411 4131 499 4186 miam
512 4130 624 4188 Canisii
639 4131 779 4187 virtutem
792 4131 928 4204 produnt.
949 4117 1088 4204 Alioquin
1105 4132 1201 4203 ipsum
1220 4131 1355 4186 Natalem
1370 4139 1475 4186 testem
1491 4127 1608 4183 habemus

410 4219 597 4276 obedientiae
610 4219 854 4291 perfectissimae,
867 4237 925 4293 qua
937 4219 999 4276 auis
1013 4219 1246 4276 moderatoribus
1256 4219 1394 4277 Canisius
1404 4210 1607 4288 obtempenbflb

411 4317 442 4364 et
452 4309 648 4376 reverentiae,
658 4327 715 4382 qua
724 4309 790 4364 illos
800 4326 917 4382 semper
927 4311 1132 4366 venerabatur.
1144 4309 1191 4367 Cf.
1202 4309 1301 4382 Epist.
1316 4307 1479 4379 Nataml,
1491 4319 1545 4374 140,
1553 4305 1608 4355 cte·;

414 4406 445 4453 et
458 4400 727 4467 Bnauusaaaoan,
745 4397 865 4454 Canisii
881 4400 980 4471 epist,
994 4397 1114 4471 passim.

466 4489 478 4522 2
515 4487 559 4542 Ex
573 4489 743 4560 archetypo,
757 4505 775 4543 a
788 4487 885 4542 Natali
899 4487 1076 4560 subscripto,
1090 4488 1120 4543 in
1133 4487 1245 4552 codice,
1260 4489 1309 4544 cui
1321 4487 1425 4544 titulus
1443 4487 1561 4542 Litterae
1568 4477 1609 4546 ῥ’·

412 4580 507 4719 md
529 4589 704 4646 1545·r599,
727 4575 837 4651 duplici
856 4575 919 4641 fol,
938 4594 969 4632 n.
993 4587 1027 4648 45
1045 4577 1192 4648 (15,195).
1213 4577 1260 4634 Cf.
1279 4576 1478 4643 Saccumum,
1499 4574 1547 4629 loc.
1559 4561 1608 4622 cit,

414 4663 466 4721 lib.
510 4664 549 4735 11,
562 4682 592 4720 n.
611 4677 652 4734 15.
814 4666 820 4681 “
