3322 5376
404 523 457 592 476
796 522 899 577 Emsr.
920 521 955 577 P.
975 520 1179 591 Ninia-484

369 673 472 755 lonia,
490 685 525 742 et
547 674 589 741 de
610 692 646 741 11
666 684 701 742 et
718 692 760 740 20
782 675 825 740 de
852 671 972 760 Aprile
997 673 1205 760 dupplicate,
1235 684 1325 743 tutte
1350 672 1498 754 insieme,
1524 672 1592 738 alle

368 789 461 876 quali
478 790 550 856 sard
578 789 733 876 risposta,
764 788 896 858 benche
922 810 991 856 non
1013 808 1052 855 so
1077 790 1167 858 doue
1194 799 1314 875 queste
1341 798 1543 856 trouaranno
1559 787 1592 852 la

370 907 411 972 R.
426 905 470 972 V.
485 905 531 973 Se
547 903 570 969 li
586 924 645 971 era
660 903 789 986 scritto,
809 904 968 973 uedendo
985 913 1081 970 tanto
1092 907 1288 991 perturbate
1299 905 1331 972 le
1347 925 1425 971 cose
1437 903 1518 971 della
1534 901 1589 969 in-

370 1020 471 1087 ferior
485 1018 682 1099 Germania,
699 1022 763 1088 che
778 1039 848 1085 non
863 1017 893 1086 si
907 1017 1037 1086 curassi
1053 1017 1088 1085 di
1100 1018 1218 1086 uisitar
1234 1021 1346 1106 quella
1362 1019 1396 1084 in
1409 1017 1587 1105 presentia,

370 1157 424 1202 ma
439 1137 504 1202 che
520 1134 683 1203 chiamasi
697 1136 722 1202 il
733 1134 936 1224 prouintiale
950 1158 971 1202 a
986 1136 1137 1204 Treuere
1155 1157 1175 1201 ο
1191 1158 1211 1202 a
1228 1134 1382 1215 Colonia,
1401 1156 1459 1220 per
1474 1143 1589 1201 trattar

369 1251 458 1318 delle
473 1271 552 1319 cose
567 1249 602 1316 di
622 1252 735 1337 quella
755 1250 936 1338 prouintia.
960 1249 1108 1338 Doppoi,
1124 1251 1279 1318 uedendo
1295 1253 1360 1317 che
1376 1249 1468 1316 iddio
1482 1251 1522 1316 N.
1544 1248 1583 1316 S.

368 1365 458 1432 daua
473 1365 620 1433 serenitd
636 1366 749 1452 doppo
763 1367 796 1433 la
812 1374 990 1451 tempesta,
1009 1363 1036 1431 s'
1052 1365 1071 1432 ὲ
1087 1364 1228 1434 rimesso
1243 1388 1264 1432 a
1279 1366 1323 1433 V.
1347 1367 1389 1432 R.
1407 1365 1429 1429 l'
1451 1364 1549 1430 andar
1565 1383 1587 1427 o

369 1499 438 1546 non
453 1481 738 1566 personalmente3
757 1491 792 1548 et
807 1479 878 1547 cosi
899 1478 928 1546 si
944 1481 978 1546 fa
1005 1480 1138 1561 adess0,
1166 1479 1299 1548 benche
1326 1477 1538 1566 ringratiamo
1553 1478 1586 1542 la

369 1593 485 1662 diuina
499 1594 616 1675 bonta,
635 1595 852 1664 entendendo
868 1593 991 1664 essersi
1007 1604 1102 1662 tanto
1118 1594 1268 1680 quietate
1290 1596 1321 1663 le
1342 1614 1433 1676 cose,
1455 1596 1515 1662 che
1528 1591 1582 1678 gii

368 1708 471 1776 etiam
486 1712 551 1778 che
567 1712 610 1779 V.
629 1712 671 1778 R.
695 1710 731 1777 ui
750 1711 898 1792 andassi,
916 1731 986 1776 non
1007 1708 1164 1778 uediamo
1183 1709 1360 1796 probabile
1381 1708 1533 1795 pericolo‚
1547 1717 1583 1773 et

370 1845 439 1890 non
454 1825 483 1890 si
499 1825 618 1893 dubita
633 1825 777 1894 sarebbe
792 1826 899 1892 molto
915 1822 997 1892 utile
1013 1825 1046 1892 la
1065 1846 1128 1892 sua
1148 1823 1260 1893 uisita.
1281 1824 1383 1892 Circa
1397 1823 1420 1890 li
1436 1821 1533 1890 nostri
1546 1819 1580 1887 di

371 1939 514 2021 Phrisia,
530 1942 608 2026 quel
625 1943 690 2012 che
702 1943 745 2010 V.
765 1944 806 2009 R.
826 1943 870 2008 ha
885 1943 982 2025 fatto,
1001 1962 1081 2028 pare
1096 1940 1162 2008 stia
1178 1940 1277 2022 bene;
1296 1951 1331 2008 et
1347 1960 1417 2006 non
1429 1937 1579 2006 accaderi

355 2053 398 2152 ,si
414 2053 603 2121 rimandino
619 2055 736 2122 mastri
748 2055 783 2122 in
798 2055 911 2140 quelle
921 2056 1047 2137 bande,
1065 2055 1176 2122 insino
1191 2077 1211 2122 a
1232 2064 1327 2122 tanto
1351 2057 1416 2122 che
1435 2052 1465 2120 ci
1483 2051 1509 2118 si
1528 2051 1579 2118 dia

347 2162 477 2235 lauiso.
497 2169 537 2236 Li
553 2170 662 2237 scritti
674 2193 775 2257 sopra
789 2170 822 2238 le
837 2192 917 2239 cose
937 2171 980 2237 de
996 2172 1040 2238 N.
1060 2172 1100 2237 P.
1119 2169 1253 2257 ignatio
1280 2169 1308 2237 si
1328 2191 1414 2236 sono
1430 2167 1578 2246 riceuuti,

366 2295 402 2350 et
417 2282 492 2350 altri
520 2283 647 2352 diuersi
671 2285 760 2352 della
775 2285 888 2366 uisita;
907 2296 942 2354 et
969 2307 1007 2353 se
1033 2285 1209 2352 occorreri
1236 2283 1306 2351 dar’
1327 2284 1470 2370 qualche
1490 2279 1577 2348 auiso

368 2421 469 2486 sopra
485 2399 601 2485 quelli,
619 2398 649 2466 si
665 2400 759 2468 dari.

436 2532 467 2582 2.
517 2515 666 2600 Quando
682 2516 715 2581 la
741 2514 869 2582 maesti
896 2515 951 2580 del
968 2538 1005 2584 re
1035 2513 1198 2584 'uenessi
1219 2513 1255 2580 in
1271 2513 1429 2596 Fiandra,
1450 2509 1579 2598 sipotri

372 2629 476 2696 ueder
496 2649 533 2696 se
560 2629 635 2696 sari
663 2628 840 2715 spediente
858 2629 1077 2698 ,domandarli
1102 2628 1244 2697 licencia
1259 2628 1294 2695 di
1313 2649 1416 2696 cauar
1432 2637 1529 2714 gente
1545 2623 1576 2689 di

369 2745 521 2830 Spagna,
535 2766 595 2829 per
607 2743 717 2810 aiutar
729 2745 753 2810 li
764 2744 844 2811 stati
857 2744 931 2812 suoi
944 2745 1042 2811 fuora
1057 2744 1092 2810 di
1107 2745 1231 2830 quella,
1249 2753 1284 2813 et
1299 2741 1532 2830 specialmente
1546 2759 1578 2806 se

369 2857 399 2924 si
413 2858 677 2927 domandassero
693 2858 827 2945 collegij
844 2880 905 2945 per
921 2881 983 2927 sua
998 2870 1106 2946 parte,
1125 2861 1190 2928 che
1205 2858 1261 2926 all’
1278 2861 1362 2924 hora
1376 2856 1464 2924 saria
1477 2857 1579 2922 buona

369 2971 391 3038 1’
406 2970 597 3042 occasione.
613 2975 755 3058 Quanto
769 2975 834 3042 alle
850 2994 929 3041 cose
941 2974 976 3040 di
993 2973 1147 3056 Colonia,
1165 2974 1184 3041 ὲ
1200 2983 1293 3042 certo
1308 2975 1373 3042 che
1384 2973 1408 3038 il
1419 2975 1521 3039 srutto
1531 2967 1579 3036 del

368 3087 514 3174 collegio
532 3090 685 3156 nostroe
701 3098 791 3155 stato
808 3100 842 3156 et
859 3089 996 3157 emolto
1012 3088 1219 3176 importante
1231 3111 1291 3174 per
1307 3088 1330 3153 il
1351 3086 1467 3155 diuino
1482 3083 1579 3153 serui-

369 3202 417 3269 tio
433 3212 468 3269 et
484 3202 551 3271 ben
568 3204 657 3272 della
672 3203 799 3271 chiesa.
817 3205 892 3272 Con
909 3214 1031 3289 questo
1046 3224 1175 3290 parono
1191 3203 1279 3270 assai
1299 3202 1449 3290 indegne
1464 3203 1495 3270 le
1511 3216 1583 3265 cose

370 3320 435 3384 che
450 3317 468 3384 ὲ
484 3317 632 3384 sforzato
649 3339 669 3384 a
685 3319 794 3405 patire
809 3319 899 3386 della
915 3319 1010 3404 citti,
1027 3329 1062 3388 et
1084 3318 1326 3405 specialmente
1349 3318 1428 3386 dell'
1455 3315 1581 3382 vniuer-

370 3431 447 3499 siti.
466 3431 564 3501 Saria
576 3433 665 3501 bene
680 3436 744 3502 che
760 3435 804 3502 V.
822 3436 879 3514 R.,
894 3444 929 3502 et
944 3435 993 3520 gl'
1011 3432 1087 3501 altri
1100 3435 1164 3502 che
1180 3453 1266 3500 sono
1277 3430 1421 3520 pratichi
1434 3431 1468 3496 in
1482 3425 1579 3514 quella

370 3547 453 3614 citta
469 3547 685 3615 considerino
705 3560 740 3618 et
759 3548 863 3616 diano
884 3548 981 3616 auiso
1003 3547 1084 3618 delli
1100 3547 1207 3616 mezzi
1233 3550 1297 3616 che
1324 3548 1348 3614 li
1375 3560 1578 3614 occorrerano

370 3683 432 3748 per
443 3662 538 3731 leuat
555 3662 614 3729 tali
629 3661 898 3730 inconuenienti.
922 3664 968 3731 Di
984 3685 1052 3750 qua
1073 3685 1145 3730 non
1160 3663 1190 3730 si
1205 3665 1365 3730 mancara
1383 3661 1418 3728 di
1433 3677 1579 3748 procurar

370 3776 475 3863 quelli
489 3777 589 3845 breui
604 3799 665 3864 per
687 3779 720 3845 la
739 3775 821 3845 cittai
838 3788 873 3845 et
893 3777 1091 3860 vniuersita,
1117 3799 1220 3847 senza
1248 3777 1309 3845 sar'
1325 3776 1497 3846 mentione
1511 3768 1579 3840 delli

368 3891 573 3978 portamenti
589 3892 661 3958 loro
678 3913 778 3961 uerso
793 3893 817 3959 li
834 3892 953 3960 nostri.
970 3894 1110 3979 Quanto
1126 3893 1182 3961 alli
1197 3893 1277 3960 beni
1290 3894 1345 3960 del
1366 3894 1406 3959 Ρ.
1428 3888 1543 3959 Rhetio
1556 3886 1578 3964 ³,

369 4015 405 4072 et
417 4009 526 4074 anche
538 4006 574 4072 di
586 4007 715 4075 Mathia
727 4008 936 4090 coloniense,
946 4007 1135 4076 hauendosi
1146 4029 1166 4074 a
1179 4009 1345 4095 spendore
1358 4007 1392 4074 in
1405 4006 1496 4074 aiuto
1505 4001 1581 4072 della

370 4119 559 4207 prouincia,
577 4143 648 4188 non
665 4123 754 4191 uedo
769 4123 859 4192 doue
874 4145 1020 4210 possano
1036 4123 1163 4209 meglio
1183 4121 1379 4209 impiegarsi
1395 4124 1460 4189 che
1474 4119 1509 4186 in
1523 4117 1582 4184 Co·

369 4235 475 4317 lonia;
493 4246 528 4303 et
544 4235 615 4305 cosi
628 4237 726 4323 potrd
739 4237 830 4306 sarsi.
847 4240 890 4306 Et
901 4237 992 4304 circa
1003 4238 1037 4305 la
1048 4237 1258 4324 professione
1270 4237 1327 4306 del
1338 4237 1434 4304 detto
1449 4237 1487 4303 Ρ.
1502 4235 1583 4301 Rhe·

371 4349 431 4434 tio,
449 4351 609 4419 hauendo
625 4351 674 4419 lui
688 4355 820 4422 hauuto
836 4352 972 4421 licentia
993 4353 1028 4420 di
1048 4362 1164 4420 nostro
1186 4354 1226 4421 Ρ.
1250 4354 1400 4438 Laynez,
1418 4349 1451 4417 io
1471 4366 1581 4417 ancora

423 4535 431 4568 ¹
470 4536 622 4609 Philippus
635 4539 673 4606 11,
687 4556 740 4594 rex
753 4493 924 4612 Hispaniae,
939 4539 970 4596 in
983 4537 1150 4595 Flandriam
1164 4537 1288 4595 bansire
1301 4536 1506 4600 meditabatur,
1518 4527 1584 4606 quod

369 4625 489 4681 tandem
503 4625 623 4682 minime
636 4628 794 4700 praestitit.
808 4628 886 4684 Vide
898 4645 997 4702 supra,
1010 4645 1082 4702 pag.
1100 4639 1165 4700 251,
1176 4634 1278 4684 annot.
1293 4639 1325 4684 2.

422 4716 435 4748 ¹
471 4714 602 4785 joannes
615 4716 740 4773 Rhetius
752 4719 823 4790 (von
836 4715 947 4791 Reidt),
959 4733 1068 4790 regens
1084 4716 1203 4788 collegii
1215 4714 1406 4774 coloniensis.
