3494 5392
432 512 468 585 34
820 510 924 568 Ernst.
945 507 980 565 P.
999 506 1199 565 Nion-361

397 689 436 739 se
447 669 492 735 V.
511 667 552 733 P.
571 684 609 733 se
623 672 786 733 contenta
808 673 835 730 0.
849 664 1007 731 -Anchor'
1025 659 1180 730 desidero
1195 663 1298 728 esser'
1312 660 1444 728 auisato
1459 661 1504 728 da
1515 661 1559 728 V.
1579 664 1628 729 P.

393 805 435 852 se
450 785 495 850 ho
510 782 555 848 da
569 780 686 846 andar'
704 778 741 845 in
752 777 888 858 Prusia,
906 775 1085 864 percioche
1100 798 1170 842 non
1182 776 1229 842 mi
1240 777 1277 842 fu
1292 775 1486 863 significato
1501 797 1540 844 se
1550 797 1628 844 non
1738 779 1739 818 ῑ

396 899 432 966 in
447 917 574 986 genere
589 889 625 962 di
640 893 771 962 uisitar'
784 895 822 961 ie
837 911 859 977 ’4
874 891 1062 980 prouincia.
1081 894 1117 959 Io
1133 893 1260 960 andare
1274 893 1320 974 tt,
1338 911 1376 960 se
1391 893 1477 960 altro
1491 913 1561 960 non
1572 893 1629 960 mi
1738 933 1739 942 ι

392 1013 506 1083 scriue
521 1015 566 1080 V.
583 1015 642 1092 P.,
664 1007 790 1098 perche
811 1031 892 1097 pare
919 1010 984 1076 che
1002 1028 1075 1073 non
1090 1015 1232 1093 possum
1254 1009 1449 1095 praeterire
1472 1009 1532 1075 itta
1551 1007 1628 1074 duo
1738 1027 1739 1034 ¹

394 1129 536 1217 collegia
554 1125 583 1208 ἃ,
601 1136 636 1195 et
646 1124 806 1209 insieme,
829 1140 929 1192 corne
948 1121 1006 1210 gii
1025 1125 1070 1189 ho
1093 1122 1224 1203 scritto,
1247 1125 1291 1190 V.
1310 1124 1351 1191 P.
1370 1123 1421 1190 'mi
1438 1123 1526 1192 faeci
1543 1125 1626 1191 aui·
1738 1185 1739 1212 ,

393 1265 470 1313 sare
481 1265 518 1312 se
531 1245 575 1309 ho
588 1243 631 1308 da
648 1239 842 1308 offerirmia
857 1241 895 1310 S.
914 1240 960 1307 M.
976 1259 1036 1325 per
1048 1239 1164 1306 andar'
1174 1233 1214 1305 in
1226 1250 1347 1337 questa
1359 1261 1484 1328 guerra
1496 1242 1625 1310 dentro
1738 1237 1739 1240 ’

394 1380 417 1427 ο
433 1358 522 1426 fuori
537 1357 572 1424 di
589 1356 734 1426 Vienna.

466 1491 516 1558 13.
565 1471 663 1540 Hieri
679 1471 716 1540 S.
741 1473 789 1539 M.
813 1469 970 1559 (essendo
997 1484 1087 1542 stata
1107 1483 1274 1560 occupata
1293 1471 1405 1560 questi
1425 1472 1537 1562 giomi
1554 1493 1626 1541 con
1738 1511 1739 1568 j

395 1589 428 1658 le
443 1587 569 1655 intrate
584 1597 618 1656 et
634 1584 808 1656 audientie
823 1585 858 1652 di
882 1587 994 1673 questi
1021 1588 1175 1676 principi)
1197 1588 1242 1656 mi
1270 1589 1393 1656 mando
1409 1610 1430 1656 a
1456 1588 1622 1657 chiamar’

394 1723 455 1790 per
470 1701 578 1769 darmi
594 1700 779 1783 audientia,
797 1712 833 1769 et
849 1704 993 1770 essendo
1009 1704 1099 1772 nella
1118 1725 1182 1772 sua
1198 1704 1417 1786 anticamera,
1436 1723 1541 1771 erano
1556 1723 1624 1772 ue·
1738 1685 1739 1694 ἶ

395 1818 614 1886 nutelettere
633 1818 677 1883 de
697 1815 863 1904 Spagnia,
886 1828 921 1886 et
943 1813 1119 1905 agiontotri
1140 1821 1184 1887 da
1199 1821 1240 1890 S.
1264 1822 1312 1888 M.
1330 1818 1355 1886 il
1375 1822 1483 1888 ducca
1497 1820 1533 1887 di
1549 1825 1621 1891 Ba·

397 1931 490 2001 uiera
509 1933 532 2013 ¹,
549 1941 585 1998 et
600 1932 671 2008 cosi
687 1931 811 1999 mando
828 1955 848 1998 a
864 1932 936 2000 dire
957 1955 1017 2020 per
1036 1933 1061 1999 il
1087 1935 1269 2004 secretario
1291 1937 1481 2023 spagnuolo
1497 1947 1621 2023 queste
1738 1955 1739 1992 1

395 2047 523 2133 parole:
544 2045 644 2114 «Dite
660 2047 692 2114 al
709 2047 821 2115 Padre
837 2049 901 2114 che
917 2049 964 2114 mi
984 2049 1135 2135 perdone
1155 2049 1343 2136 (ripetendo
1357 2061 1478 2136 queste
1497 2053 1621 2122 istesse
1738 2095 1739 2126 ι

396 2162 511 2248 parole
525 2161 594 2228 due
610 2161 723 2246 uolte)
741 2163 805 2229 che
819 2160 866 2227 mi
882 2161 972 2230 tiene
988 2174 1134 2250 ocupato
1155 2165 1178 2230 il
1198 2166 1318 2246 ducca,
1344 2177 1380 2236 et
1398 2168 1533 2239 dimane
1547 2169 1622 2238 dite

396 2279 662 2361 aProscotzque
678 2277 754 2364 (che
769 2277 788 2342 ἑ
803 2275 827 2342 11
843 2277 1039 2364 camariero)
1057 2282 1120 2346 che
1137 2282 1240 2348 melo
1258 2282 1365 2350 faceia
1385 2283 1566 2368 ricordare3
1584 2300 1622 2356 et

397 2391 467 2458 cosi
483 2390 674 2476 aspettiano
691 2392 757 2457 co’l
773 2390 869 2458 diuin
887 2387 1016 2474 fauore,
1035 2395 1140 2462 molto
1156 2407 1254 2483 grata
1273 2398 1438 2469 audienza
1452 2401 1496 2468 da
1510 2401 1549 2471 S.
1568 2406 1619 2471 M.
1738 2451 1739 2468 .

397 2525 567 2574 caesarea.

468 2638 519 2704 14.
567 2621 624 2686 Ho
636 2618 775 2686 uisitato
788 2619 812 2686 il
823 2621 955 2690 decano
967 2633 1002 2692 et
1017 2623 1224 2712 ilpreposito
1239 2630 1272 2694 d'
1291 2644 1451 2719 auguste,
1465 2632 1477 2698 i
1493 2633 1583 2720 quali
1605 2645 1622 2678 ⁸

397 2735 427 2802 si
444 2756 529 2802 sono
544 2733 655 2818 offerti
671 2735 777 2802 molto
793 2747 860 2804 etc.
1738 2727 1739 2808 Ϊ

468 2866 518 2934 15.
565 2849 634 2917 Noi
649 2849 792 2919 estiamo
807 2852 897 2922 bene
918 2853 996 2920 tutti
1012 2876 1079 2934 con
1096 2857 1129 2922 la
1150 2857 1267 2927 diuina
1282 2861 1405 2948 gratia,
1431 2875 1467 2932 et
1486 2885 1524 2934 se
1541 2885 1621 2950 pre—
1738 2889 1739 2926 ι

397 2964 558 3053 pariamo,
574 2985 611 3031 se
622 2987 683 3051 per
694 2977 787 3036 sorte
798 2989 834 3034 se
851 2969 982 3036 trattasi
998 2971 1041 3039 de
1056 2971 1221 3059 religione
1236 2974 1272 3041 in
1284 2988 1404 3062 questa
1415 2978 1517 3061 dieta,
1532 2982 1620 3048 ben·
1738 2989 1739 3030 ἒ

398 3081 462 3148 che
478 3101 547 3145 non
562 3079 591 3146 si
612 3101 720 3167 spera.
748 3081 836 3152 Nelli
858 3083 947 3151 santi
973 3085 1128 3173 sacrificij
1153 3097 1188 3158 et
1210 3090 1354 3158 orationi
1372 3094 1416 3161 de
1442 3097 1486 3162 V.
1510 3097 1566 3178 Ρ.,
1585 3109 1621 3164 et

398 3194 478 3263 delli
505 3195 580 3262 Rdi.
612 3197 714 3264 Padri
741 3195 925 3284 assistenti,
954 3201 1010 3268 del
1038 3205 1078 3270 P.
1109 3205 1272 3287 Polanco,
1300 3217 1335 3276 et
1362 3210 1402 3275 Ρ.
1433 3211 1623 3293 Madrid‚.i1
1738 3239 1739 3296 ι

399 3311 440 3378 Ρ.
459 3310 637 3393 Ledesma,
655 3313 823 3382 Xirnenez
838 3325 874 3382 et
889 3313 934 3396 io,
945 3337 1017 3384 *con
1036 3317 1116 3384 tutti
1138 3319 1162 3384 li
1179 3319 1254 3387 altri
1270 3325 1334 3393 che
1350 3323 1445 3392 siano
1462 3347 1541 3411 qua,
1558 3329 1623 3398 de-

398 3424 577 3492 sideriamo
593 3427 697 3494 molto
713 3449 806 3497 esser
816 3432 1047 3498 racomandati
1060 3434 1092 3499 al
1104 3433 1263 3520 Signore.
1279 3439 1351 3506 Sua
1362 3439 1479 3508 diuina
1490 3443 1624 3512 Maesta

398 3561 460 3627 per
475 3542 507 3608 la
523 3563 585 3608 sua
601 3541 734 3609 infinita
749 3542 979 3613 misericordia
994 3547 1025 3614 ci
1041 3543 1098 3616 dia
1112 3549 1145 3616 la
1160 3572 1222 3618 sua
1238 3553 1432 3625 abondante
1451 3556 1562 3644 gratia
1576 3559 1622 3628 da

399 3677 587 3744 cognoscet
602 3677 735 3744 sempre
755 3669 790 3727 et
816 3663 1076 3746 perfettamente
1102 3665 1266 3752 adimpire
1292 3669 1325 3736 la
1345 3691 1408 3739 sua
1428 3671 1622 3743 santissima
1738 3663 1739 3738 Ϊ

399 3772 548 3839 volonta.
568 3774 692 3840 Amen.
714 3774 761 3841 D'
782 3776 954 3862 Augusta,
977 3776 1033 3844 alli
1055 3797 1095 3865 23
1112 3781 1156 3849 de
1176 3785 1292 3851 Marzo
1323 3787 1418 3870 1566.
1440 3790 1484 3856 D.
1510 3791 1555 3858 V.
1570 3792 1617 3858 P.

399 3903 501 3956 seruo
516 3909 560 3956 en
576 3885 653 3970 X.⁰,

1208 4019 1393 4199 Neget-M
1420 4025 1443 4113 i

467 4229 650 4314 Inscriptio
665 4234 704 4298 in
719 4239 845 4319 quarta
855 4238 1115 4328 pagina.·JhuS.
1134 4243 1180 4309 Al
1196 4244 1302 4311 molto
1323 4244 1408 4314 Rd0.
1433 4247 1544 4318 Padre
1559 4271 1624 4316 no·

453 4441 467 4476 ε
498 4433 533 4487 Ιιι
547 4450 642 4505 marg.
658 4435 779 4493 Polsnci
796 4455 898 4495 manu.
916 4441 1622 4524 Remrrtmaaz,ysur1mtoparmtuano.

401 4519 453 4564 -ᾱ
468 4520 638 4578 Iudicatur
628 4539 659 4579 tn
672 4525 804 4597 margine
818 4529 971 4602 responsio
982 4531 1091 4590 danda.
1095 4545 1145 4578 -ε
1165 4537 1292 4594 Archet.
1298 4539 1419 4612 ,quale

458 4713 466 4745 ¹
504 4711 645 4768 Albertus
659 4713 696 4769 V.
