<?xml version="1.0" encoding="UTF-8"?>
<!DOCTYPE html PUBLIC "-//W3C//DTD XHTML 1.0 Transitional//EN"
    "http://www.w3.org/TR/xhtml1/DTD/xhtml1-transitional.dtd">
<html xmlns="http://www.w3.org/1999/xhtml" xml:lang="en" lang="en">
 <head>
  <title>
</title>
<meta http-equiv="Content-Type" content="text/html;charset=utf-8" />
  <meta name='ocr-system' content='tesseract 3.04.00' />
  <meta name='ocr-capabilities' content='ocr_page ocr_carea ocr_par ocr_line ocrx_word'/>
</head>
<body>
  <div class='ocr_page' id='page_1' title='image "./epistolaephiero01nadagoog_0163.png"; bbox 0 0 3456 5386; ppageno 0'>
   <div class='ocr_carea' id='block_1_1' title="bbox 417 471 1181 546">
    <p class='ocr_par' dir='ltr' id='par_1_1' title="bbox 417 471 1181 546">
     <span class='ocr_line' id='line_1_1' title="bbox 417 471 1181 546; baseline 0.004 -18"><span class='ocrx_word' id='word_1_1' title='bbox 417 483 467 542; x_wconf 85' lang='lat'>124</span> <span class='ocrx_word' id='word_1_2' title='bbox 799 475 905 531; x_wconf 71' lang='lat' dir='ltr'>Epist.</span> <span class='ocrx_word' id='word_1_3' title='bbox 923 474 958 529; x_wconf 85' lang='lat' dir='ltr'><strong>P.</strong></span> <span class='ocrx_word' id='word_1_4' title='bbox 978 471 1181 546; x_wconf 63' lang='lat' dir='ltr'>Nicone-392</span> 
     </span>
    </p>
   </div>
   <div class='ocr_carea' id='block_1_2' title="bbox 378 623 1708 1983">
    <p class='ocr_par' dir='ltr' id='par_1_2' title="bbox 447 623 1628 710">
     <span class='ocr_line' id='line_1_2' title="bbox 447 623 1628 710; baseline -0.003 -17"><span class='ocrx_word' id='word_1_5' title='bbox 447 623 536 693; x_wconf 90' lang='lat' dir='ltr'>Nelli</span> <span class='ocrx_word' id='word_1_6' title='bbox 552 624 640 692; x_wconf 90' lang='lat' dir='ltr'>santi</span> <span class='ocrx_word' id='word_1_7' title='bbox 657 623 812 710; x_wconf 84' lang='lat' dir='ltr'>sacrificij</span> <span class='ocrx_word' id='word_1_8' title='bbox 829 637 864 696; x_wconf 85' lang='lat' dir='ltr'>et</span> <span class='ocrx_word' id='word_1_9' title='bbox 884 623 1029 692; x_wconf 87' lang='lat' dir='ltr'>orationi</span> <span class='ocrx_word' id='word_1_10' title='bbox 1052 626 1096 692; x_wconf 91' lang='lat' dir='ltr'>de</span> <span class='ocrx_word' id='word_1_11' title='bbox 1111 627 1156 693; x_wconf 91' lang='lat' dir='ltr'>V.</span> <span class='ocrx_word' id='word_1_12' title='bbox 1175 627 1216 693; x_wconf 90' lang='lat' dir='ltr'>P.</span> <span class='ocrx_word' id='word_1_13' title='bbox 1235 625 1339 692; x_wconf 89' lang='lat' dir='ltr'>molto</span> <span class='ocrx_word' id='word_1_14' title='bbox 1358 623 1389 691; x_wconf 92' lang='lat' dir='ltr'>si</span> <span class='ocrx_word' id='word_1_15' title='bbox 1408 643 1628 692; x_wconf 76' lang='lat' dir='ltr'>raccoman·</span> 
     </span>
    </p>

    <p class='ocr_par' dir='ltr' id='par_1_3' title="bbox 378 739 1706 1058">
     <span class='ocr_line' id='line_1_3' title="bbox 378 739 1623 827; baseline 0 -19"><span class='ocrx_word' id='word_1_16' title='bbox 378 739 504 822; x_wconf 85' lang='lat' dir='ltr'>diamo,</span> <span class='ocrx_word' id='word_1_17' title='bbox 514 751 550 808; x_wconf 92' lang='lat' dir='ltr'>et</span> <span class='ocrx_word' id='word_1_18' title='bbox 560 739 764 812; x_wconf 88' lang='lat' dir='ltr'>similmente</span> <span class='ocrx_word' id='word_1_19' title='bbox 777 742 813 808; x_wconf 92' lang='lat' dir='ltr'>in</span> <span class='ocrx_word' id='word_1_20' title='bbox 825 739 929 827; x_wconf 91' lang='lat' dir='ltr'>quelli</span> <span class='ocrx_word' id='word_1_21' title='bbox 940 739 1021 809; x_wconf 92' lang='lat' dir='ltr'>delli</span> <span class='ocrx_word' id='word_1_22' title='bbox 1031 739 1134 808; x_wconf 80' lang='lat' dir='ltr'>Podri</span> <span class='ocrx_word' id='word_1_23' title='bbox 1145 739 1316 808; x_wconf 81' lang='lat' dir='ltr'>assistenti</span> <span class='ocrx_word' id='word_1_24' title='bbox 1328 751 1395 808; x_wconf 87' lang='lat' dir='ltr'>etc.</span> <span class='ocrx_word' id='word_1_25' title='bbox 1407 741 1435 808; x_wconf 88' lang='lat' dir='ltr'>ss</span> <span class='ocrx_word' id='word_1_26' title='bbox 1445 739 1623 827; x_wconf 78' lang='lat' dir='ltr'>signore,</span> 
     </span>
     <span class='ocr_line' id='line_1_4' title="bbox 380 855 1706 956; baseline -0.001 -32"><span class='ocrx_word' id='word_1_27' title='bbox 380 879 441 944; x_wconf 89' lang='lat' dir='ltr'>per</span> <span class='ocrx_word' id='word_1_28' title='bbox 453 877 515 924; x_wconf 86' lang='lat' dir='ltr'>sua</span> <span class='ocrx_word' id='word_1_29' title='bbox 527 855 660 922; x_wconf 86' lang='lat' dir='ltr'>infinita</span> <span class='ocrx_word' id='word_1_30' title='bbox 672 855 916 938; x_wconf 85' lang='lat' dir='ltr'>misericordia,</span> <span class='ocrx_word' id='word_1_31' title='bbox 929 855 962 923; x_wconf 90' lang='lat' dir='ltr'>ci</span> <span class='ocrx_word' id='word_1_32' title='bbox 973 855 1029 924; x_wconf 85' lang='lat' dir='ltr'>dia</span> <span class='ocrx_word' id='word_1_33' title='bbox 1041 877 1103 923; x_wconf 91' lang='lat' dir='ltr'>sua</span> <span class='ocrx_word' id='word_1_34' title='bbox 1114 855 1252 942; x_wconf 87' lang='lat' dir='ltr'>copiosa</span> <span class='ocrx_word' id='word_1_35' title='bbox 1263 855 1373 943; x_wconf 84' lang='lat' dir='ltr'>gratia</span> <span class='ocrx_word' id='word_1_36' title='bbox 1383 855 1428 923; x_wconf 80' lang='lat' dir='ltr'>da</span> <span class='ocrx_word' id='word_1_37' title='bbox 1439 857 1505 923; x_wconf 83' lang='lat' dir='ltr'>far&#39;</span> <span class='ocrx_word' id='word_1_38' title='bbox 1518 875 1624 923; x_wconf 81' lang='lat' dir='ltr'>sem-</span> <span class='ocrx_word' id='word_1_39' title='bbox 1705 870 1706 956; x_wconf 59' lang='lat' dir='ltr'>l</span> 
     </span>
     <span class='ocr_line' id='line_1_5' title="bbox 381 965 1706 1058; baseline -0.004 -18"><span class='ocrx_word' id='word_1_40' title='bbox 381 993 441 1058; x_wconf 89' lang='lat' dir='ltr'>pre</span> <span class='ocrx_word' id='word_1_41' title='bbox 452 972 485 1040; x_wconf 89' lang='lat' dir='ltr'>la</span> <span class='ocrx_word' id='word_1_42' title='bbox 497 993 560 1039; x_wconf 83' lang='lat' dir='ltr'>sua</span> <span class='ocrx_word' id='word_1_43' title='bbox 573 970 991 1040; x_wconf 69' lang='lat' dir='ltr'>santissimavolontha</span> <span class='ocrx_word' id='word_1_44' title='bbox 1004 969 1497 1058; x_wconf 85' lang='lat' dir='ltr'>Augusta‚allixideMaggio</span> <span class='ocrx_word' id='word_1_45' title='bbox 1511 971 1621 1054; x_wconf 83' lang='lat'><strong>1566.</strong></span> <span class='ocrx_word' id='word_1_46' title='bbox 1705 965 1706 986; x_wconf 66' lang='lat'><strong>.</strong></span> 
     </span>
    </p>

    <p class='ocr_par' dir='ltr' id='par_1_4' title="bbox 447 1085 1621 1175">
     <span class='ocr_line' id='line_1_6' title="bbox 447 1085 1621 1175; baseline -0.001 -21"><span class='ocrx_word' id='word_1_47' title='bbox 447 1088 504 1154; x_wconf 94' lang='lat' dir='ltr'>Ho</span> <span class='ocrx_word' id='word_1_48' title='bbox 518 1088 602 1154; x_wconf 85' lang='lat' dir='ltr'>fatto</span> <span class='ocrx_word' id='word_1_49' title='bbox 619 1087 773 1155; x_wconf 83' lang='lat' dir='ltr'>instanza</span> <span class='ocrx_word' id='word_1_50' title='bbox 785 1109 946 1175; x_wconf 83' lang='lat' dir='ltr'>appresso</span> <span class='ocrx_word' id='word_1_51' title='bbox 958 1087 981 1154; x_wconf 95' lang='lat' dir='ltr'>il</span> <span class='ocrx_word' id='word_1_52' title='bbox 993 1089 1093 1156; x_wconf 89' lang='lat' dir='ltr'><strong>Rmo.</strong></span> <span class='ocrx_word' id='word_1_53' title='bbox 1107 1087 1223 1174; x_wconf 85' lang='lat' dir='ltr'>legato</span> <span class='ocrx_word' id='word_1_54' title='bbox 1234 1109 1294 1174; x_wconf 86' lang='lat' dir='ltr'>per</span> <span class='ocrx_word' id='word_1_55' title='bbox 1305 1087 1422 1154; x_wconf 88' lang='lat' dir='ltr'>andar’</span> <span class='ocrx_word' id='word_1_56' title='bbox 1440 1109 1461 1154; x_wconf 88' lang='lat' dir='ltr'>a</span> <span class='ocrx_word' id='word_1_57' title='bbox 1475 1085 1621 1153; x_wconf 80' lang='lat' dir='ltr'>visitar&#39;</span> 
     </span>
    </p>

    <p class='ocr_par' dir='ltr' id='par_1_5' title="bbox 380 1200 1707 1520">
     <span class='ocr_line' id='line_1_7' title="bbox 381 1200 1623 1290; baseline -0.004 -19"><span class='ocrx_word' id='word_1_58' title='bbox 381 1203 525 1290; x_wconf 88' lang='lat' dir='ltr'><strong>qualche</strong></span> <span class='ocrx_word' id='word_1_59' title='bbox 541 1202 687 1288; x_wconf 82' lang='lat' dir='ltr'>collegio</span> <span class='ocrx_word' id='word_1_60' title='bbox 698 1203 734 1270; x_wconf 90' lang='lat' dir='ltr'>di</span> <span class='ocrx_word' id='word_1_61' title='bbox 746 1203 870 1288; x_wconf 87' lang='lat' dir='ltr'>questi,</span> <span class='ocrx_word' id='word_1_62' title='bbox 885 1215 920 1272; x_wconf 89' lang='lat' dir='ltr'>et</span> <span class='ocrx_word' id='word_1_63' title='bbox 931 1225 1003 1270; x_wconf 91' lang='lat' dir='ltr'>non</span> <span class='ocrx_word' id='word_1_64' title='bbox 1018 1204 1072 1271; x_wconf 74' lang='lat' dir='ltr'>c’e</span> <span class='ocrx_word' id='word_1_65' title='bbox 1086 1202 1206 1271; x_wconf 87' lang='lat' dir='ltr'>ordine</span> <span class='ocrx_word' id='word_1_66' title='bbox 1220 1203 1255 1268; x_wconf 91' lang='lat' dir='ltr'>d’</span> <span class='ocrx_word' id='word_1_67' title='bbox 1272 1205 1379 1272; x_wconf 85' lang='lat' dir='ltr'>hauer</span> <span class='ocrx_word' id='word_1_68' title='bbox 1393 1200 1541 1271; x_wconf 87' lang='lat' dir='ltr'>licencia</span> <span class='ocrx_word' id='word_1_69' title='bbox 1560 1200 1623 1266; x_wconf 90' lang='lat' dir='ltr'>in·</span> 
     </span>
     <span class='ocr_line' id='line_1_8' title="bbox 380 1313 1621 1405; baseline 0 -21"><span class='ocrx_word' id='word_1_70' title='bbox 380 1317 456 1384; x_wconf 91' lang='lat' dir='ltr'>sino</span> <span class='ocrx_word' id='word_1_71' title='bbox 472 1338 492 1383; x_wconf 89' lang='lat' dir='ltr'>a</span> <span class='ocrx_word' id='word_1_72' title='bbox 507 1319 573 1384; x_wconf 90' lang='lat' dir='ltr'>che</span> <span class='ocrx_word' id='word_1_73' title='bbox 589 1315 618 1384; x_wconf 92' lang='lat' dir='ltr'>si</span> <span class='ocrx_word' id='word_1_74' title='bbox 633 1317 690 1384; x_wconf 81' lang='lat' dir='ltr'>dia</span> <span class='ocrx_word' id='word_1_75' title='bbox 704 1318 805 1388; x_wconf 83' lang='lat' dir='ltr'>finea</span> <span class='ocrx_word' id='word_1_76' title='bbox 820 1317 932 1404; x_wconf 80' lang='lat' dir='ltr'>questi</span> <span class='ocrx_word' id='word_1_77' title='bbox 948 1317 1078 1405; x_wconf 86' lang='lat' dir='ltr'>negotij</span> <span class='ocrx_word' id='word_1_78' title='bbox 1091 1328 1158 1388; x_wconf 88' lang='lat' dir='ltr'>etc.</span> <span class='ocrx_word' id='word_1_79' title='bbox 1177 1317 1221 1385; x_wconf 91' lang='lat' dir='ltr'><strong>D.</strong></span> <span class='ocrx_word' id='word_1_80' title='bbox 1237 1318 1281 1384; x_wconf 91' lang='lat' dir='ltr'>V.</span> <span class='ocrx_word' id='word_1_81' title='bbox 1298 1320 1339 1383; x_wconf 92' lang='lat' dir='ltr'>P.</span> <span class='ocrx_word' id='word_1_82' title='bbox 1353 1337 1455 1384; x_wconf 85' lang='lat' dir='ltr'>seruo</span> <span class='ocrx_word' id='word_1_83' title='bbox 1467 1337 1514 1382; x_wconf 91' lang='lat' dir='ltr'>en</span> <span class='ocrx_word' id='word_1_84' title='bbox 1530 1313 1621 1395; x_wconf 85' lang='lat' dir='ltr'><strong>X.⁰,</strong></span> 
     </span>
     <span class='ocr_line' id='line_1_9' title="bbox 1191 1427 1707 1520; baseline 0 -20"><span class='ocrx_word' id='word_1_85' title='bbox 1191 1432 1214 1520; x_wconf 87' lang='lat'>†</span> <span class='ocrx_word' id='word_1_86' title='bbox 1237 1434 1377 1500; x_wconf 77' lang='lat' dir='ltr'>Nnonu.</span> <span class='ocrx_word' id='word_1_87' title='bbox 1403 1431 1426 1520; x_wconf 89' lang='lat'>†</span> <span class='ocrx_word' id='word_1_88' title='bbox 1706 1427 1707 1444; x_wconf 59' lang='lat'>¹</span> 
     </span>
    </p>

    <p class='ocr_par' dir='ltr' id='par_1_6' title="bbox 450 1545 1620 1638">
     <span class='ocr_line' id='line_1_10' title="bbox 450 1545 1620 1638; baseline 0 -26"><span class='ocrx_word' id='word_1_89' title='bbox 450 1545 635 1635; x_wconf 76' lang='lat' dir='ltr'>Inscriptio</span> <span class='ocrx_word' id='word_1_90' title='bbox 650 1550 689 1614; x_wconf 83' lang='lat' dir='ltr'>in</span> <span class='ocrx_word' id='word_1_91' title='bbox 704 1553 831 1636; x_wconf 83' lang='lat' dir='ltr'>quarto</span> <span class='ocrx_word' id='word_1_92' title='bbox 840 1549 998 1636; x_wconf 81' lang='lat' dir='ltr'>pagina:</span> <span class='ocrx_word' id='word_1_93' title='bbox 1013 1549 1113 1638; x_wconf 88' lang='lat' dir='ltr'>Jhus.</span> <span class='ocrx_word' id='word_1_94' title='bbox 1131 1549 1177 1615; x_wconf 89' lang='lat' dir='ltr'>Al</span> <span class='ocrx_word' id='word_1_95' title='bbox 1193 1549 1299 1616; x_wconf 90' lang='lat' dir='ltr'>molto</span> <span class='ocrx_word' id='word_1_96' title='bbox 1315 1547 1402 1614; x_wconf 92' lang='lat' dir='ltr'><strong>Rd0.</strong></span> <span class='ocrx_word' id='word_1_97' title='bbox 1421 1547 1535 1615; x_wconf 86' lang='lat' dir='ltr'>Padre</span> <span class='ocrx_word' id='word_1_98' title='bbox 1550 1567 1620 1612; x_wconf 91' lang='lat' dir='ltr'>no·</span> 
     </span>
    </p>

    <p class='ocr_par' dir='ltr' id='par_1_7' title="bbox 381 1661 1708 1983">
     <span class='ocr_line' id='line_1_11' title="bbox 381 1661 1616 1750; baseline 0.001 -22"><span class='ocrx_word' id='word_1_99' title='bbox 381 1671 453 1730; x_wconf 90' lang='lat' dir='ltr'>stro</span> <span class='ocrx_word' id='word_1_100' title='bbox 465 1662 500 1730; x_wconf 95' lang='lat' dir='ltr'>in</span> <span class='ocrx_word' id='word_1_101' title='bbox 512 1663 650 1731; x_wconf 83' lang='lat' dir='ltr'>Christo</span> <span class='ocrx_word' id='word_1_102' title='bbox 661 1663 685 1729; x_wconf 94' lang='lat' dir='ltr'>il</span> <span class='ocrx_word' id='word_1_103' title='bbox 698 1665 738 1730; x_wconf 87' lang='lat' dir='ltr'>P.</span> <span class='ocrx_word' id='word_1_104' title='bbox 753 1665 780 1730; x_wconf 95' lang='lat' dir='ltr'>F</span> <span class='ocrx_word' id='word_1_105' title='bbox 782 1684 944 1732; x_wconf 88' lang='lat' dir='ltr'>rancesco</span> <span class='ocrx_word' id='word_1_106' title='bbox 956 1663 1000 1732; x_wconf 87' lang='lat' dir='ltr'>de</span> <span class='ocrx_word' id='word_1_107' title='bbox 1012 1663 1151 1750; x_wconf 84' lang='lat' dir='ltr'>Borgia,</span> <span class='ocrx_word' id='word_1_108' title='bbox 1161 1661 1332 1750; x_wconf 91' lang='lat' dir='ltr'>preposito</span> <span class='ocrx_word' id='word_1_109' title='bbox 1344 1663 1506 1750; x_wconf 85' lang='lat' dir='ltr'>generale</span> <span class='ocrx_word' id='word_1_110' title='bbox 1518 1662 1616 1729; x_wconf 81' lang='lat' dir='ltr'>della</span> 
     </span>
     <span class='ocr_line' id='line_1_12' title="bbox 382 1775 1708 1872; baseline -0.002 -26"><span class='ocrx_word' id='word_1_111' title='bbox 382 1775 609 1866; x_wconf 85' lang='lat' dir='ltr'>[Compagnia</span> <span class='ocrx_word' id='word_1_112' title='bbox 623 1777 670 1866; x_wconf 92' lang='lat' dir='ltr'>di]</span> <span class='ocrx_word' id='word_1_113' title='bbox 681 1780 766 1866; x_wconf 82' lang='lat' dir='ltr'>Jesu</span> <span class='ocrx_word' id='word_1_114' title='bbox 781 1789 847 1848; x_wconf 89' lang='lat' dir='ltr'>etc.</span> <span class='ocrx_word' id='word_1_115' title='bbox 866 1781 986 1846; x_wconf 89' lang='lat' dir='ltr'><strong>Roma.</strong></span> <span class='ocrx_word' id='word_1_116' title='bbox 1004 1779 1087 1845; x_wconf 84' lang='lat' dir='ltr'>Alio</span> <span class='ocrx_word' id='word_1_117' title='bbox 1102 1799 1232 1845; x_wconf 83' lang='lat' dir='ltr'>manu:</span> <span class='ocrx_word' id='word_1_118' title='bbox 1248 1779 1289 1846; x_wconf 91' lang='lat' dir='ltr'>C.</span> <span class='ocrx_word' id='word_1_119' title='bbox 1313 1779 1409 1862; x_wconf 77' lang='lat'><strong>1566.</strong></span> <span class='ocrx_word' id='word_1_120' title='bbox 1428 1779 1611 1865; x_wconf 85' lang='lat' dir='ltr'>Augusta.</span> <span class='ocrx_word' id='word_1_121' title='bbox 1707 1786 1708 1872; x_wconf 65' lang='lat' dir='ltr'>l</span> 
     </span>
     <span class='ocr_line' id='line_1_13' title="bbox 381 1873 1708 1983; baseline 0 -23"><span class='ocrx_word' id='word_1_122' title='bbox 381 1893 423 1960; x_wconf 92' lang='lat' dir='ltr'><strong>P.</strong></span> <span class='ocrx_word' id='word_1_123' title='bbox 442 1895 575 1962; x_wconf 85' lang='lat' dir='ltr'>Natale.</span> <span class='ocrx_word' id='word_1_124' title='bbox 598 1912 634 1962; x_wconf 90' lang='lat'>11</span> <span class='ocrx_word' id='word_1_125' title='bbox 653 1893 853 1981; x_wconf 86' lang='lat' dir='ltr'>diMaggio.</span> <span class='ocrx_word' id='word_1_126' title='bbox 875 1895 1066 1983; x_wconf 81' lang='lat' dir='ltr'>Vestigium</span> <span class='ocrx_word' id='word_1_127' title='bbox 1077 1894 1201 1982; x_wconf 83' lang='lat' dir='ltr'>sigilli.</span> <span class='ocrx_word' id='word_1_128' title='bbox 1707 1873 1708 1902; x_wconf 54' lang='lat'><strong>³</strong></span> 
     </span>
    </p>
   </div>
   <div class='ocr_carea' id='block_1_3' title="bbox 316 2184 1710 4054">
    <p class='ocr_par' dir='ltr' id='par_1_8' title="bbox 316 2184 1710 4054">
     <span class='ocr_line' id='line_1_14' title="bbox 729 2184 1255 2259; baseline -0.002 -18"><span class='ocrx_word' id='word_1_129' title='bbox 729 2185 763 2241; x_wconf 85' lang='lat' dir='ltr'><strong>S.</strong></span> <span class='ocrx_word' id='word_1_130' title='bbox 787 2184 1036 2243; x_wconf 75' lang='lat' dir='ltr'>Funuctscus</span> <span class='ocrx_word' id='word_1_131' title='bbox 1055 2187 1109 2242; x_wconf 77' lang='lat' dir='ltr'>oc</span> <span class='ocrx_word' id='word_1_132' title='bbox 1127 2185 1255 2259; x_wconf 74' lang='lat' dir='ltr'>1³0an</span> 
     </span>
     <span class='ocr_line' id='line_1_15' title="bbox 631 2283 1358 2353; baseline 0.001 -2"><span class='ocrx_word' id='word_1_133' title='bbox 631 2284 789 2352; x_wconf 90' lang='lat' dir='ltr'><strong>PATRI</strong></span> <span class='ocrx_word' id='word_1_134' title='bbox 822 2283 1141 2353; x_wconf 88' lang='lat' dir='ltr'><strong>HIERONYMO</strong></span> <span class='ocrx_word' id='word_1_135' title='bbox 1176 2285 1358 2353; x_wconf 85' lang='lat' dir='ltr'><strong>NADAL</strong></span> 
     </span>
     <span class='ocr_line' id='line_1_16' title="bbox 797 2397 1189 2469; baseline 0.003 -13"><span class='ocrx_word' id='word_1_136' title='bbox 797 2411 919 2469; x_wconf 70' lang='lat' dir='ltr'>noune,</span> <span class='ocrx_word' id='word_1_137' title='bbox 941 2411 970 2453; x_wconf 89' lang='lat'>11</span> <span class='ocrx_word' id='word_1_138' title='bbox 991 2397 1189 2469; x_wconf 78' lang='lat' dir='ltr'>unJ115661.</span> 
     </span>
     <span class='ocr_line' id='line_1_17' title="bbox 316 2493 1552 2572; baseline 0.002 -22"><span class='ocrx_word' id='word_1_139' title='bbox 316 2563 319 2572; x_wconf 88' lang='lat'><strong>.</strong></span> <span class='ocrx_word' id='word_1_140' title='bbox 439 2495 581 2552; x_wconf 81' lang='lat' dir='ltr'>Facultas</span> <span class='ocrx_word' id='word_1_141' title='bbox 594 2495 716 2570; x_wconf 76' lang='lat' dir='ltr'>legendi</span> <span class='ocrx_word' id='word_1_142' title='bbox 727 2493 818 2551; x_wconf 78' lang='lat' dir='ltr'>libros</span> <span class='ocrx_word' id='word_1_143' title='bbox 827 2496 993 2568; x_wconf 71' lang='lat' dir='ltr'>prohibitos</span> <span class='ocrx_word' id='word_1_144' title='bbox 1006 2497 1129 2570; x_wconf 82' lang='lat' dir='ltr'>integra</span> <span class='ocrx_word' id='word_1_145' title='bbox 1141 2500 1244 2552; x_wconf 82' lang='lat' dir='ltr'>munet</span> <span class='ocrx_word' id='word_1_146' title='bbox 1256 2495 1376 2552; x_wconf 79' lang='lat' dir='ltr'>Natali:</span> <span class='ocrx_word' id='word_1_147' title='bbox 1388 2497 1424 2553; x_wconf 78' lang='lat' dir='ltr'>dc</span> <span class='ocrx_word' id='word_1_148' title='bbox 1436 2496 1552 2552; x_wconf 68' lang='lat' dir='ltr'>duona</span> 
     </span>
     <span class='ocr_line' id='line_1_18' title="bbox 791 2581 1189 2658; baseline 0.005 -20"><span class='ocrx_word' id='word_1_149' title='bbox 791 2584 872 2657; x_wconf 82' lang='lat' dir='ltr'>filiis</span> <span class='ocrx_word' id='word_1_150' title='bbox 887 2581 1015 2658; x_wconf 65' lang='lat' dir='ltr'>Georgii</span> <span class='ocrx_word' id='word_1_151' title='bbox 1028 2584 1189 2658; x_wconf 81' lang='lat' dir='ltr'>Fuggerii.</span> 
     </span>
     <span class='ocr_line' id='line_1_19' title="bbox 450 2701 1603 2789; baseline 0.003 -22"><span class='ocrx_word' id='word_1_152' title='bbox 450 2717 477 2767; x_wconf 94' lang='lat'><strong>1.</strong></span> <span class='ocrx_word' id='word_1_153' title='bbox 520 2701 621 2788; x_wconf 89' lang='lat' dir='ltr'>Jhus.</span> <span class='ocrx_word' id='word_1_154' title='bbox 641 2701 747 2769; x_wconf 89' lang='lat' dir='ltr'>Molto</span> <span class='ocrx_word' id='word_1_155' title='bbox 764 2703 850 2768; x_wconf 91' lang='lat' dir='ltr'>Rdo.</span> <span class='ocrx_word' id='word_1_156' title='bbox 870 2701 905 2767; x_wconf 93' lang='lat' dir='ltr'>in</span> <span class='ocrx_word' id='word_1_157' title='bbox 921 2703 1011 2788; x_wconf 91' lang='lat' dir='ltr'>Xpo.</span> <span class='ocrx_word' id='word_1_158' title='bbox 1030 2702 1153 2770; x_wconf 86' lang='lat' dir='ltr'>Padre.</span> <span class='ocrx_word' id='word_1_159' title='bbox 1178 2703 1251 2769; x_wconf 84' lang='lat' dir='ltr'>Pax</span> <span class='ocrx_word' id='word_1_160' title='bbox 1271 2701 1363 2789; x_wconf 81' lang='lat' dir='ltr'>Xpi,</span> <span class='ocrx_word' id='word_1_161' title='bbox 1388 2711 1454 2771; x_wconf 91' lang='lat' dir='ltr'>etc.</span> <span class='ocrx_word' id='word_1_162' title='bbox 1478 2703 1603 2788; x_wconf 86' lang='lat' dir='ltr'>Quelle</span> 
     </span>
     <span class='ocr_line' id='line_1_20' title="bbox 377 2803 1710 2903; baseline 0.003 -23"><span class='ocrx_word' id='word_1_163' title='bbox 377 2814 412 2880; x_wconf 94' lang='lat' dir='ltr'>di</span> <span class='ocrx_word' id='word_1_164' title='bbox 429 2816 471 2881; x_wconf 92' lang='lat' dir='ltr'><strong>V.</strong></span> <span class='ocrx_word' id='word_1_165' title='bbox 491 2816 532 2881; x_wconf 90' lang='lat' dir='ltr'><strong>R.</strong></span> <span class='ocrx_word' id='word_1_166' title='bbox 551 2815 586 2881; x_wconf 94' lang='lat' dir='ltr'>di</span> <span class='ocrx_word' id='word_1_167' title='bbox 602 2832 644 2899; x_wconf 87' lang='lat'>27</span> <span class='ocrx_word' id='word_1_168' title='bbox 661 2816 705 2881; x_wconf 88' lang='lat' dir='ltr'>de</span> <span class='ocrx_word' id='word_1_169' title='bbox 720 2817 840 2902; x_wconf 89' lang='lat' dir='ltr'>Aprile</span> <span class='ocrx_word' id='word_1_170' title='bbox 855 2816 890 2882; x_wconf 93' lang='lat' dir='ltr'>in</span> <span class='ocrx_word' id='word_1_171' title='bbox 902 2815 983 2882; x_wconf 94' lang='lat' dir='ltr'>duoi</span> <span class='ocrx_word' id='word_1_172' title='bbox 995 2815 1099 2902; x_wconf 92' lang='lat' dir='ltr'>plichi</span> <span class='ocrx_word' id='word_1_173' title='bbox 1110 2815 1139 2883; x_wconf 91' lang='lat' dir='ltr'>si</span> <span class='ocrx_word' id='word_1_174' title='bbox 1152 2837 1237 2883; x_wconf 91' lang='lat' dir='ltr'>sono</span> <span class='ocrx_word' id='word_1_175' title='bbox 1249 2815 1413 2898; x_wconf 84' lang='lat' dir='ltr'>riceuute3</span> <span class='ocrx_word' id='word_1_176' title='bbox 1428 2826 1464 2886; x_wconf 91' lang='lat' dir='ltr'>et</span> <span class='ocrx_word' id='word_1_177' title='bbox 1475 2817 1601 2903; x_wconf 68' lang='lat' dir='ltr'>perche</span> <span class='ocrx_word' id='word_1_178' title='bbox 1709 2803 1710 2818; x_wconf 48' lang='lat'>³</span> 
     </span>
     <span class='ocr_line' id='line_1_21' title="bbox 377 2929 1601 3018; baseline 0.004 -23"><span class='ocrx_word' id='word_1_179' title='bbox 377 2929 512 2995; x_wconf 84' lang='lat' dir='ltr'>affatica</span> <span class='ocrx_word' id='word_1_180' title='bbox 527 2933 555 2996; x_wconf 90' lang='lat' dir='ltr'>s’</span> <span class='ocrx_word' id='word_1_181' title='bbox 572 2932 592 2998; x_wconf 81' lang='grc' dir='ltr'>ἐ</span> <span class='ocrx_word' id='word_1_182' title='bbox 608 2932 738 2997; x_wconf 86' lang='lat' dir='ltr'>hauuto</span> <span class='ocrx_word' id='word_1_183' title='bbox 754 2941 869 3018; x_wconf 89' lang='lat' dir='ltr'>tempo</span> <span class='ocrx_word' id='word_1_184' title='bbox 886 2931 920 2998; x_wconf 92' lang='lat' dir='ltr'>di</span> <span class='ocrx_word' id='word_1_185' title='bbox 935 2932 1102 3018; x_wconf 86' lang='lat' dir='ltr'>leggerle,</span> <span class='ocrx_word' id='word_1_186' title='bbox 1120 2933 1307 2998; x_wconf 86' lang='lat' dir='ltr'>solamente</span> <span class='ocrx_word' id='word_1_187' title='bbox 1322 2930 1396 2997; x_wconf 85' lang='lat' dir='ltr'>dird</span> <span class='ocrx_word' id='word_1_188' title='bbox 1410 2934 1475 3000; x_wconf 89' lang='lat' dir='ltr'>che</span> <span class='ocrx_word' id='word_1_189' title='bbox 1491 2953 1560 2998; x_wconf 91' lang='lat' dir='ltr'>non</span> <span class='ocrx_word' id='word_1_190' title='bbox 1581 2934 1601 3000; x_wconf 80' lang='grc' dir='ltr'>ἐ</span> 
     </span>
     <span class='ocr_line' id='line_1_22' title="bbox 377 3043 1602 3133; baseline 0.003 -23"><span class='ocrx_word' id='word_1_191' title='bbox 377 3055 466 3111; x_wconf 84' lang='lat' dir='ltr'>stata</span> <span class='ocrx_word' id='word_1_192' title='bbox 482 3043 550 3112; x_wconf 87' lang='lat' dir='ltr'>mia</span> <span class='ocrx_word' id='word_1_193' title='bbox 565 3045 754 3114; x_wconf 85' lang='lat' dir='ltr'>intentione</span> <span class='ocrx_word' id='word_1_194' title='bbox 771 3067 932 3114; x_wconf 85' lang='lat' dir='ltr'>reuocare</span> <span class='ocrx_word' id='word_1_195' title='bbox 949 3049 993 3114; x_wconf 79' lang='lat' dir='ltr'>ne</span> <span class='ocrx_word' id='word_1_196' title='bbox 1009 3046 1217 3133; x_wconf 87' lang='lat' dir='ltr'>restringere</span> <span class='ocrx_word' id='word_1_197' title='bbox 1232 3047 1264 3112; x_wconf 89' lang='lat' dir='ltr'>la</span> <span class='ocrx_word' id='word_1_198' title='bbox 1285 3045 1421 3114; x_wconf 87' lang='lat' dir='ltr'>licentia</span> <span class='ocrx_word' id='word_1_199' title='bbox 1443 3049 1509 3116; x_wconf 89' lang='lat' dir='ltr'>che</span> <span class='ocrx_word' id='word_1_200' title='bbox 1531 3049 1602 3116; x_wconf 82' lang='lat' dir='ltr'>Sua</span> 
     </span>
     <span class='ocr_line' id='line_1_23' title="bbox 376 3159 1603 3249; baseline 0.002 -21"><span class='ocrx_word' id='word_1_201' title='bbox 376 3159 510 3228; x_wconf 74' lang='lat' dir='ltr'>Santitd</span> <span class='ocrx_word' id='word_1_202' title='bbox 525 3159 624 3230; x_wconf 88' lang='lat' dir='ltr'>diede</span> <span class='ocrx_word' id='word_1_203' title='bbox 640 3185 659 3228; x_wconf 86' lang='lat' dir='ltr'>a</span> <span class='ocrx_word' id='word_1_204' title='bbox 676 3163 720 3228; x_wconf 95' lang='lat' dir='ltr'><strong>V.</strong></span> <span class='ocrx_word' id='word_1_205' title='bbox 740 3163 779 3228; x_wconf 90' lang='lat' dir='ltr'><strong>R.</strong></span> <span class='ocrx_word' id='word_1_206' title='bbox 797 3183 857 3248; x_wconf 89' lang='lat' dir='ltr'>per</span> <span class='ocrx_word' id='word_1_207' title='bbox 872 3171 973 3229; x_wconf 89' lang='lat' dir='ltr'>conto</span> <span class='ocrx_word' id='word_1_208' title='bbox 989 3163 1025 3229; x_wconf 90' lang='lat' dir='ltr'>di</span> <span class='ocrx_word' id='word_1_209' title='bbox 1046 3164 1167 3249; x_wconf 87' lang='lat' dir='ltr'>legger</span> <span class='ocrx_word' id='word_1_210' title='bbox 1187 3161 1263 3228; x_wconf 89' lang='lat' dir='ltr'>libri</span> <span class='ocrx_word' id='word_1_211' title='bbox 1286 3161 1459 3248; x_wconf 88' lang='lat' dir='ltr'>prohibiti,</span> <span class='ocrx_word' id='word_1_212' title='bbox 1486 3165 1516 3230; x_wconf 90' lang='lat' dir='ltr'>si</span> <span class='ocrx_word' id='word_1_213' title='bbox 1539 3166 1603 3230; x_wconf 86' lang='lat' dir='ltr'>che</span> 
     </span>
     <span class='ocr_line' id='line_1_24' title="bbox 377 3275 1604 3364; baseline 0.003 -23"><span class='ocrx_word' id='word_1_214' title='bbox 377 3278 474 3361; x_wconf 74' lang='lat' dir='ltr'>potrd</span> <span class='ocrx_word' id='word_1_215' title='bbox 492 3295 570 3342; x_wconf 90' lang='lat' dir='ltr'>usar</span> <span class='ocrx_word' id='word_1_216' title='bbox 585 3275 620 3342; x_wconf 94' lang='lat' dir='ltr'>di</span> <span class='ocrx_word' id='word_1_217' title='bbox 636 3277 759 3361; x_wconf 86' lang='lat' dir='ltr'>quella,</span> <span class='ocrx_word' id='word_1_218' title='bbox 778 3279 928 3346; x_wconf 90' lang='lat' dir='ltr'>secondo</span> <span class='ocrx_word' id='word_1_219' title='bbox 943 3281 1009 3347; x_wconf 91' lang='lat' dir='ltr'>che</span> <span class='ocrx_word' id='word_1_220' title='bbox 1029 3279 1074 3345; x_wconf 88' lang='lat' dir='ltr'>ha</span> <span class='ocrx_word' id='word_1_221' title='bbox 1095 3298 1273 3364; x_wconf 89' lang='lat' dir='ltr'>compreso</span> <span class='ocrx_word' id='word_1_222' title='bbox 1294 3280 1327 3344; x_wconf 83' lang='lat' dir='ltr'>la</span> <span class='ocrx_word' id='word_1_223' title='bbox 1342 3289 1458 3346; x_wconf 90' lang='lat' dir='ltr'>mente</span> <span class='ocrx_word' id='word_1_224' title='bbox 1477 3277 1513 3344; x_wconf 92' lang='lat' dir='ltr'>di</span> <span class='ocrx_word' id='word_1_225' title='bbox 1532 3279 1604 3348; x_wconf 84' lang='lat' dir='ltr'>Sua</span> 
     </span>
     <span class='ocr_line' id='line_1_25' title="bbox 377 3389 1599 3480; baseline 0.002 -22"><span class='ocrx_word' id='word_1_226' title='bbox 377 3389 512 3458; x_wconf 71' lang='lat' dir='ltr'>Santitt</span> <span class='ocrx_word' id='word_1_227' title='bbox 526 3391 551 3458; x_wconf 76' lang='lat'><strong>².</strong></span> <span class='ocrx_word' id='word_1_228' title='bbox 571 3392 722 3477; x_wconf 84' lang='lat' dir='ltr'>Quando</span> <span class='ocrx_word' id='word_1_229' title='bbox 738 3391 771 3458; x_wconf 95' lang='lat' dir='ltr'>io</span> <span class='ocrx_word' id='word_1_230' title='bbox 787 3393 810 3457; x_wconf 84' lang='lat' dir='ltr'>l&#39;</span> <span class='ocrx_word' id='word_1_231' title='bbox 827 3392 965 3460; x_wconf 86' lang='lat' dir='ltr'>hauessi</span> <span class='ocrx_word' id='word_1_232' title='bbox 980 3415 1000 3460; x_wconf 86' lang='lat' dir='ltr'>a</span> <span class='ocrx_word' id='word_1_233' title='bbox 1016 3394 1186 3460; x_wconf 82' lang='lat' dir='ltr'>concedet</span> <span class='ocrx_word' id='word_1_234' title='bbox 1202 3394 1417 3478; x_wconf 86' lang='lat' dir='ltr'>aqualcuno,</span> <span class='ocrx_word' id='word_1_235' title='bbox 1431 3413 1470 3460; x_wconf 88' lang='lat' dir='ltr'>se</span> <span class='ocrx_word' id='word_1_236' title='bbox 1480 3393 1528 3460; x_wconf 85' lang='lat' dir='ltr'>mi</span> <span class='ocrx_word' id='word_1_237' title='bbox 1539 3415 1599 3480; x_wconf 93' lang='lat' dir='ltr'>po-</span> 
     </span>
     <span class='ocr_line' id='line_1_26' title="bbox 377 3505 1601 3594; baseline 0.003 -23"><span class='ocrx_word' id='word_1_238' title='bbox 377 3508 431 3571; x_wconf 74' lang='lat' dir='ltr'>trd</span> <span class='ocrx_word' id='word_1_239' title='bbox 447 3507 507 3571; x_wconf 87' lang='lat' dir='ltr'>dar</span> <span class='ocrx_word' id='word_1_240' title='bbox 524 3505 619 3573; x_wconf 87' lang='lat' dir='ltr'>auiso</span> <span class='ocrx_word' id='word_1_241' title='bbox 636 3505 670 3572; x_wconf 92' lang='lat' dir='ltr'>di</span> <span class='ocrx_word' id='word_1_242' title='bbox 687 3507 790 3593; x_wconf 90' lang='lat' dir='ltr'>quelli</span> <span class='ocrx_word' id='word_1_243' title='bbox 805 3510 870 3576; x_wconf 91' lang='lat' dir='ltr'>che</span> <span class='ocrx_word' id='word_1_244' title='bbox 886 3507 915 3574; x_wconf 90' lang='lat' dir='ltr'>si</span> <span class='ocrx_word' id='word_1_245' title='bbox 931 3507 1115 3594; x_wconf 85' lang='lat' dir='ltr'>giudicano</span> <span class='ocrx_word' id='word_1_246' title='bbox 1130 3508 1165 3573; x_wconf 93' lang='lat' dir='ltr'>di</span> <span class='ocrx_word' id='word_1_247' title='bbox 1177 3509 1209 3574; x_wconf 68' lang='lat' dir='ltr'>lt</span> <span class='ocrx_word' id='word_1_248' title='bbox 1221 3509 1253 3574; x_wconf 85' lang='lat' dir='ltr'>al</span> <span class='ocrx_word' id='word_1_249' title='bbox 1266 3507 1441 3594; x_wconf 90' lang='lat' dir='ltr'>proposito</span> <span class='ocrx_word' id='word_1_250' title='bbox 1452 3529 1513 3594; x_wconf 88' lang='lat' dir='ltr'>per</span> <span class='ocrx_word' id='word_1_251' title='bbox 1524 3527 1601 3594; x_wconf 87' lang='lat' dir='ltr'>par·</span> 
     </span>
     <span class='ocr_line' id='line_1_27' title="bbox 380 3618 1602 3706; baseline 0.003 -21"><span class='ocrx_word' id='word_1_252' title='bbox 380 3619 499 3706; x_wconf 87' lang='lat' dir='ltr'>ticipar</span> <span class='ocrx_word' id='word_1_253' title='bbox 515 3618 549 3686; x_wconf 93' lang='lat' dir='ltr'>di</span> <span class='ocrx_word' id='word_1_254' title='bbox 565 3629 687 3705; x_wconf 85' lang='lat' dir='ltr'>questa</span> <span class='ocrx_word' id='word_1_255' title='bbox 702 3619 850 3689; x_wconf 87' lang='lat' dir='ltr'>licentia.</span> <span class='ocrx_word' id='word_1_256' title='bbox 868 3621 915 3691; x_wconf 90' lang='lat' dir='ltr'>Se</span> <span class='ocrx_word' id='word_1_257' title='bbox 930 3620 959 3689; x_wconf 91' lang='lat' dir='ltr'>si</span> <span class='ocrx_word' id='word_1_258' title='bbox 975 3621 1047 3690; x_wconf 75' lang='lat' dir='ltr'>sart</span> <span class='ocrx_word' id='word_1_259' title='bbox 1062 3623 1162 3689; x_wconf 86' lang='lat' dir='ltr'>alcun</span> <span class='ocrx_word' id='word_1_260' title='bbox 1178 3621 1285 3689; x_wconf 87' lang='lat' dir='ltr'>offitio</span> <span class='ocrx_word' id='word_1_261' title='bbox 1301 3643 1366 3689; x_wconf 90' lang='lat' dir='ltr'>con</span> <span class='ocrx_word' id='word_1_262' title='bbox 1382 3622 1454 3691; x_wconf 85' lang='lat' dir='ltr'>Sua</span> <span class='ocrx_word' id='word_1_263' title='bbox 1469 3622 1602 3692; x_wconf 72' lang='lat' dir='ltr'>Santitd</span> 
     </span>
     <span class='ocr_line' id='line_1_28' title="bbox 378 3734 1599 3823; baseline 0.002 -23"><span class='ocrx_word' id='word_1_264' title='bbox 378 3735 514 3801; x_wconf 89' lang='lat' dir='ltr'>intorno</span> <span class='ocrx_word' id='word_1_265' title='bbox 530 3735 595 3803; x_wconf 89' lang='lat' dir='ltr'>alle</span> <span class='ocrx_word' id='word_1_266' title='bbox 611 3755 689 3802; x_wconf 87' lang='lat' dir='ltr'>cose</span> <span class='ocrx_word' id='word_1_267' title='bbox 705 3734 867 3816; x_wconf 86' lang='lat' dir='ltr'>scritteci,</span> <span class='ocrx_word' id='word_1_268' title='bbox 885 3737 914 3804; x_wconf 91' lang='lat' dir='ltr'>si</span> <span class='ocrx_word' id='word_1_269' title='bbox 930 3746 946 3779; x_wconf 80' lang='lat'>⁸</span> <span class='ocrx_word' id='word_1_270' title='bbox 965 3739 1047 3804; x_wconf 72' lang='lat' dir='ltr'>dard</span> <span class='ocrx_word' id='word_1_271' title='bbox 1067 3736 1161 3804; x_wconf 86' lang='lat' dir='ltr'>auiso</span> <span class='ocrx_word' id='word_1_272' title='bbox 1181 3758 1247 3803; x_wconf 91' lang='lat' dir='ltr'>con</span> <span class='ocrx_word' id='word_1_273' title='bbox 1263 3738 1296 3804; x_wconf 86' lang='lat' dir='ltr'>la</span> <span class='ocrx_word' id='word_1_274' title='bbox 1310 3737 1430 3823; x_wconf 89' lang='lat' dir='ltr'>prima,</span> <span class='ocrx_word' id='word_1_275' title='bbox 1448 3746 1485 3804; x_wconf 91' lang='lat' dir='ltr'>et</span> <span class='ocrx_word' id='word_1_276' title='bbox 1500 3759 1538 3804; x_wconf 88' lang='lat' dir='ltr'>se</span> <span class='ocrx_word' id='word_1_277' title='bbox 1554 3735 1599 3803; x_wconf 93' lang='lat' dir='ltr'>ri-</span> 
     </span>
     <span class='ocr_line' id='line_1_29' title="bbox 378 3849 1599 3938; baseline 0.001 -22"><span class='ocrx_word' id='word_1_278' title='bbox 378 3851 547 3935; x_wconf 74' lang='lat' dir='ltr'>sponderat</span> <span class='ocrx_word' id='word_1_279' title='bbox 559 3851 667 3917; x_wconf 84' lang='lat' dir='ltr'>anche</span> <span class='ocrx_word' id='word_1_280' title='bbox 682 3849 699 3892; x_wconf 68' lang='lat' dir='ltr'>b</span> <span class='ocrx_word' id='word_1_281' title='bbox 719 3852 874 3936; x_wconf 90' lang='lat' dir='ltr'>quelche</span> <span class='ocrx_word' id='word_1_282' title='bbox 886 3852 1108 3920; x_wconf 72' lang='lat' dir='ltr'>occorrertal</span> <span class='ocrx_word' id='word_1_283' title='bbox 1121 3853 1160 3917; x_wconf 94' lang='lat' dir='ltr'><strong>P.</strong></span> <span class='ocrx_word' id='word_1_284' title='bbox 1175 3851 1325 3919; x_wconf 85' lang='lat' dir='ltr'>Canisio:</span> <span class='ocrx_word' id='word_1_285' title='bbox 1340 3862 1461 3938; x_wconf 86' lang='lat' dir='ltr'>questa</span> <span class='ocrx_word' id='word_1_286' title='bbox 1473 3851 1599 3938; x_wconf 91' lang='lat' dir='ltr'>princi-</span> 
     </span>
     <span class='ocr_line' id='line_1_30' title="bbox 378 3963 1601 4054; baseline 0.003 -24"><span class='ocrx_word' id='word_1_287' title='bbox 378 3965 549 4050; x_wconf 85' lang='lat' dir='ltr'>palmente</span> <span class='ocrx_word' id='word_1_288' title='bbox 565 3963 594 4031; x_wconf 90' lang='lat' dir='ltr'>si</span> <span class='ocrx_word' id='word_1_289' title='bbox 610 3964 720 4033; x_wconf 87' lang='lat' dir='ltr'>scriue</span> <span class='ocrx_word' id='word_1_290' title='bbox 736 3987 797 4052; x_wconf 85' lang='lat' dir='ltr'>per</span> <span class='ocrx_word' id='word_1_291' title='bbox 813 3965 953 4052; x_wconf 87' lang='lat' dir='ltr'>rispetto</span> <span class='ocrx_word' id='word_1_292' title='bbox 968 3968 1056 4035; x_wconf 89' lang='lat' dir='ltr'>della</span> <span class='ocrx_word' id='word_1_293' title='bbox 1067 3965 1204 4035; x_wconf 84' lang='lat' dir='ltr'>licentia</span> <span class='ocrx_word' id='word_1_294' title='bbox 1216 3965 1271 4033; x_wconf 84' lang='lat' dir='ltr'>dei</span> <span class='ocrx_word' id='word_1_295' title='bbox 1282 3966 1372 4048; x_wconf 88' lang='lat' dir='ltr'>libri,</span> <span class='ocrx_word' id='word_1_296' title='bbox 1386 3977 1421 4034; x_wconf 91' lang='lat' dir='ltr'>et</span> <span class='ocrx_word' id='word_1_297' title='bbox 1432 3988 1493 4054; x_wconf 88' lang='lat' dir='ltr'>per</span> <span class='ocrx_word' id='word_1_298' title='bbox 1504 3989 1601 4034; x_wconf 89' lang='lat' dir='ltr'>man-</span> 
     </span>
    </p>
   </div>
   <div class='ocr_carea' id='block_1_4' title="bbox 436 4167 1426 4244">
    <p class='ocr_par' dir='ltr' id='par_1_9' title="bbox 436 4167 1426 4244">
     <span class='ocr_line' id='line_1_31' title="bbox 436 4167 1426 4244; baseline 0.004 -23"><span class='ocrx_word' id='word_1_299' title='bbox 436 4177 453 4210; x_wconf 77' lang='lat'>⁸</span> <span class='ocrx_word' id='word_1_300' title='bbox 486 4167 627 4240; x_wconf 88' lang='lat' dir='ltr'>Sequitur</span> <span class='ocrx_word' id='word_1_301' title='bbox 637 4168 729 4242; x_wconf 81' lang='lat' dir='ltr'>sard,</span> <span class='ocrx_word' id='word_1_302' title='bbox 742 4169 994 4226; x_wconf 64' lang='lat' dir='ltr'>obliteratum-b</span> <span class='ocrx_word' id='word_1_303' title='bbox 1013 4169 1154 4244; x_wconf 87' lang='lat' dir='ltr'>Sequitur</span> <span class='ocrx_word' id='word_1_304' title='bbox 1166 4169 1211 4235; x_wconf 84' lang='lat' dir='ltr'>in,</span> <span class='ocrx_word' id='word_1_305' title='bbox 1225 4169 1426 4226; x_wconf 85' lang='lat' dir='ltr'>obliteratum.</span> 
     </span>
    </p>
   </div>
   <div class='ocr_carea' id='block_1_5' title="bbox 370 4318 1603 4657">
    <p class='ocr_par' dir='ltr' id='par_1_10' title="bbox 370 4318 1603 4657">
     <span class='ocr_line' id='line_1_32' title="bbox 428 4318 1601 4394; baseline 0.003 -21"><span class='ocrx_word' id='word_1_306' title='bbox 428 4321 437 4352; x_wconf 93' lang='lat'>¹</span> <span class='ocrx_word' id='word_1_307' title='bbox 475 4318 521 4373; x_wconf 86' lang='lat' dir='ltr'>Ex</span> <span class='ocrx_word' id='word_1_308' title='bbox 533 4319 703 4392; x_wconf 76' lang='lat' dir='ltr'>archetypo,</span> <span class='ocrx_word' id='word_1_309' title='bbox 717 4337 734 4376; x_wconf 77' lang='lat' dir='ltr'>a</span> <span class='ocrx_word' id='word_1_310' title='bbox 747 4321 862 4393; x_wconf 86' lang='lat' dir='ltr'>Joanne</span> <span class='ocrx_word' id='word_1_311' title='bbox 875 4319 1046 4377; x_wconf 75' lang='lat' dir='ltr'>Feruendez</span> <span class='ocrx_word' id='word_1_312' title='bbox 1059 4328 1189 4389; x_wconf 79' lang='lat' dir='ltr'>exarato,</span> <span class='ocrx_word' id='word_1_313' title='bbox 1204 4329 1234 4376; x_wconf 92' lang='lat' dir='ltr'>et</span> <span class='ocrx_word' id='word_1_314' title='bbox 1243 4337 1262 4376; x_wconf 77' lang='lat' dir='ltr'><strong>a</strong></span> <span class='ocrx_word' id='word_1_315' title='bbox 1271 4320 1378 4392; x_wconf 77' lang='lat' dir='ltr'>Borgia</span> <span class='ocrx_word' id='word_1_316' title='bbox 1388 4321 1505 4394; x_wconf 79' lang='lat' dir='ltr'>propria</span> <span class='ocrx_word' id='word_1_317' title='bbox 1515 4337 1601 4377; x_wconf 76' lang='lat' dir='ltr'>manu</span> 
     </span>
     <span class='ocr_line' id='line_1_33' title="bbox 373 4405 1603 4483; baseline 0.002 -22"><span class='ocrx_word' id='word_1_318' title='bbox 373 4405 550 4479; x_wconf 82' lang='lat' dir='ltr'>subscripto,</span> <span class='ocrx_word' id='word_1_319' title='bbox 564 4407 594 4462; x_wconf 90' lang='lat' dir='ltr'>in</span> <span class='ocrx_word' id='word_1_320' title='bbox 610 4405 680 4463; x_wconf 86' lang='lat' dir='ltr'>Cod.</span> <span class='ocrx_word' id='word_1_321' title='bbox 695 4423 742 4479; x_wconf 78' lang='lat'>34,</span> <span class='ocrx_word' id='word_1_322' title='bbox 753 4408 862 4482; x_wconf 88' lang='lat' dir='ltr'>duplici</span> <span class='ocrx_word' id='word_1_323' title='bbox 876 4407 937 4481; x_wconf 76' lang='lat' dir='ltr'>iol,</span> <span class='ocrx_word' id='word_1_324' title='bbox 952 4421 1002 4480; x_wconf 88' lang='lat'>177</span> <span class='ocrx_word' id='word_1_325' title='bbox 1015 4412 1083 4480; x_wconf 78' lang='lat'><strong>(55).</strong></span> <span class='ocrx_word' id='word_1_326' title='bbox 1099 4407 1223 4465; x_wconf 84' lang='lat' dir='ltr'>Accedit</span> <span class='ocrx_word' id='word_1_327' title='bbox 1237 4417 1303 4481; x_wconf 83' lang='lat' dir='ltr'>post</span> <span class='ocrx_word' id='word_1_328' title='bbox 1313 4409 1456 4483; x_wconf 77' lang='lat' dir='ltr'>scripturn</span> <span class='ocrx_word' id='word_1_329' title='bbox 1469 4416 1603 4480; x_wconf 76' lang='lat' dir='ltr'>autogra-</span> 
     </span>
     <span class='ocr_line' id='line_1_34' title="bbox 371 4493 1600 4571; baseline 0.003 -23"><span class='ocrx_word' id='word_1_330' title='bbox 371 4493 472 4564; x_wconf 83' lang='lat' dir='ltr'>phum.</span> <span class='ocrx_word' id='word_1_331' title='bbox 491 4493 544 4550; x_wconf 87' lang='lat' dir='ltr'>Est</span> <span class='ocrx_word' id='word_1_332' title='bbox 556 4495 679 4552; x_wconf 79' lang='lat' dir='ltr'>alterurn</span> <span class='ocrx_word' id='word_1_333' title='bbox 692 4500 861 4569; x_wconf 86' lang='lat' dir='ltr'>exemplum</span> <span class='ocrx_word' id='word_1_334' title='bbox 874 4497 906 4554; x_wconf 89' lang='lat' dir='ltr'>iu</span> <span class='ocrx_word' id='word_1_335' title='bbox 918 4499 1061 4570; x_wconf 84' lang='lat' dir='ltr'>Regesto,</span> <span class='ocrx_word' id='word_1_336' title='bbox 1077 4497 1154 4555; x_wconf 82' lang='lat' dir='ltr'>Cod.</span> <span class='ocrx_word' id='word_1_337' title='bbox 1170 4511 1203 4568; x_wconf 81' lang='lat'>33</span> <span class='ocrx_word' id='word_1_338' title='bbox 1216 4497 1257 4569; x_wconf 81' lang='lat' dir='ltr'>f),</span> <span class='ocrx_word' id='word_1_339' title='bbox 1270 4497 1324 4554; x_wconf 82' lang='lat' dir='ltr'>fol.</span> <span class='ocrx_word' id='word_1_340' title='bbox 1344 4510 1409 4554; x_wconf 88' lang='lat'><strong>111.</strong></span> <span class='ocrx_word' id='word_1_341' title='bbox 1426 4497 1502 4554; x_wconf 88' lang='lat' dir='ltr'>Vide</span> <span class='ocrx_word' id='word_1_342' title='bbox 1515 4497 1600 4571; x_wconf 85' lang='lat' dir='ltr'>epist.</span> 
     </span>
     <span class='ocr_line' id='line_1_35' title="bbox 370 4580 771 4657; baseline 0.015 -22"><span class='ocrx_word' id='word_1_343' title='bbox 370 4580 437 4652; x_wconf 84' lang='lat'>380,</span> <span class='ocrx_word' id='word_1_344' title='bbox 451 4581 499 4639; x_wconf 92' lang='lat' dir='ltr'>cui</span> <span class='ocrx_word' id='word_1_345' title='bbox 512 4584 584 4639; x_wconf 87' lang='lat' dir='ltr'>haec</span> <span class='ocrx_word' id='word_1_346' title='bbox 597 4585 771 4657; x_wconf 88' lang='lat' dir='ltr'>respondet.</span> 
     </span>
    </p>
   </div>
   <div class='ocr_carea' id='block_1_6' title="bbox 425 4669 833 4745">
    <p class='ocr_par' dir='ltr' id='par_1_11' title="bbox 425 4669 833 4745">
     <span class='ocr_line' id='line_1_36' title="bbox 425 4669 833 4745; baseline 0.012 -20"><span class='ocrx_word' id='word_1_347' title='bbox 425 4675 437 4706; x_wconf 87' lang='lat'><strong>¹</strong></span> <span class='ocrx_word' id='word_1_348' title='bbox 475 4669 551 4727; x_wconf 90' lang='lat' dir='ltr'>Vide</span> <span class='ocrx_word' id='word_1_349' title='bbox 565 4673 656 4745; x_wconf 81' lang='lat' dir='ltr'>epist.</span> <span class='ocrx_word' id='word_1_350' title='bbox 673 4671 738 4744; x_wconf 86' lang='lat'>380,</span> <span class='ocrx_word' id='word_1_351' title='bbox 752 4691 786 4730; x_wconf 89' lang='lat' dir='ltr'>n.</span> <span class='ocrx_word' id='word_1_352' title='bbox 804 4673 833 4731; x_wconf 79' lang='lat'><strong>3.</strong></span> 
     </span>
    </p>
   </div>
   <div class='ocr_carea' id='block_1_7' title="bbox 0 0 1733 5386">
    <p class='ocr_par' dir='ltr' id='par_1_12' title="bbox 0 0 1733 5386">
     <span class='ocr_line' id='line_1_37' title="bbox 0 0 1733 5386; baseline 0 0"><span class='ocrx_word' id='word_1_353' title='bbox 0 0 1733 5386; x_wconf 95' lang='lat' dir='ltr'> </span> 
     </span>
    </p>
   </div>
  </div>
 </body>
</html>
