3404 5380
407 485 459 535 aab
791 435 895 534 Errsn
915 478 950 533 P.
971 477 1175 548 Nauae-427

371 636 414 702 V.
438 635 494 713 R.,
516 653 615 699 come
635 634 744 700 anche
771 642 899 717 quanto
926 632 959 698 al
979 642 1085 699 rettor
1105 631 1140 700 di
1167 630 1301 700 Vienna
1331 633 1353 712 ¹,
1376 639 1411 697 et
1426 630 1494 716 agl'
1521 631 1612 697 altri

368 748 519 836 soggetti
536 751 599 816 che
615 747 650 812 di
665 748 698 813 la
713 757 848 827 stann0,
867 756 902 811 et
916 745 951 812 di
968 768 1035 831 qua
1051 745 1079 812 si
1092 747 1280 812 mandomo
1297 744 1394 826 hieri,
1412 747 1477 812 che
1491 747 1610 813 furno

368 863 491 950 questi:
522 865 548 930 Π
576 865 616 930 Ρ.
644 861 815 948 Gregorio
841 862 867 943 ¹,
898 862 938 928 P.
968 861 1121 948 Georgio
1147 863 1173 942 ³,
1202 864 1242 928 P.
1273 859 1419 930 Michael
1435 859 1552 928 Mario
1577 862 1605 942 ⁴,

368 983 469 1049 Mtro.
494 977 695 1046 Hieronimo
716 987 924 1060 treuerense,
953 980 1016 1043 che
1040 997 1084 1042 ua
1104 977 1169 1043 alla
1195 975 1364 1062 prouintia
1384 976 1440 1042 del
1456 977 1604 1059 Rheno,

368 1095 483 1162 Pietro
503 1093 714 1176 louaniense,
734 1093 866 1181 Jacobo
893 1089 1057 1178 spirense,
1082 1095 1215 1180 Joanne
1242 1092 1359 1178 anglo,
1382 1091 1606 1159 Alessandro

366 1231 506 1291 saxone,
520 1210 717 1294 Xpophoro.
733 1209 884 1275 tudesco.
900 1210 943 1273 Et
955 1210 1079 1294 perche
1091 1207 1120 1274 si
1131 1208 1242 1275 amalo
1257 1207 1291 1272 di
1309 1207 1401 1273 febre
1416 1206 1452 1272 in
1465 1208 1606 1275 Loreto

367 1324 391 1390 il
404 1327 444 1391 P.
463 1323 741 1411 GiouanJacobo
759 1325 866 1389 Basso
884 1325 908 1403 ⁵,
931 1322 960 1388 si
981 1324 1104 1389 mando
1125 1322 1160 1388 di
1181 1324 1289 1389 Roma
1308 1321 1344 1386 in
1359 1343 1422 1388 suo
1442 1323 1521 1388 loco
1535 1325 1605 1410 Ja-

366 1439 455 1506 cobo
477 1440 658 1526 ginouese;
682 1459 746 1524 pur
766 1438 798 1504 al
821 1460 937 1524 passar
956 1460 1016 1524 per
1036 1440 1176 1517 Loreto,
1207 1459 1244 1504 se
1270 1437 1299 1503 si
1319 1447 1416 1503 troua
1442 1439 1509 1504 che
1530 1438 1606 1504 stia

364 1554 453 1622 bene
482 1555 577 1621 detto
608 1553 746 1621 Giouan
776 1553 930 1642 Jacobo,
969 1552 1017 1618 lui
1049 1555 1199 1633 andara,
1232 1560 1267 1620 et
1301 1555 1430 1619 restara
1461 1553 1605 1640 Jacobo

364 1667 563 1758 [genoluese
582 1679 609 1734 ².
634 1671 712 1736 Non
738 1669 768 1735 si
794 1670 919 1736 manda
937 1669 1109 1755 Volfango
1136 1671 1283 1737 bohemo
1303 1671 1315 1704 ⁰
1336 1666 1483 1735 insinoa
1509 1670 1603 1736 satta

365 1806 506 1872 pasqua,
525 1787 651 1871 perche
667 1786 710 1852 al'
740 1788 822 1851 hora
849 1785 907 1871 gia
933 1789 1009 1852 sara
1035 1787 1223 1865 sacerdote,
1241 1794 1276 1851 et
1292 1786 1418 1851 hauera
1439 1784 1600 1851 studiato

364 1911 457 1967 certe
469 1922 548 1968 cose
564 1900 599 1966 di
614 1899 674 1986 pid
690 1923 710 1966 a
725 1921 789 1966 suo
804 1901 989 1987 proposito.
1009 1899 1219 1966 Alessandro
1235 1921 1365 1966 saxone
1382 1901 1392 1932 ²
1414 1898 1451 1964 si
1463 1902 1598 1966 manda

323 2075 326 2082 .
364 2015 399 2082 in
414 2017 461 2082 tal
477 2017 593 2098 modo,
611 2018 688 2097 che,
717 2016 854 2100 quando
866 2037 935 2081 non
946 2013 975 2080 si
991 2014 1170 2100 diportassi
1187 2035 1283 2080 come
1298 2013 1477 2096 counione,
1496 2019 1596 2081 stara

357 2130 398 2224 ¹in
415 2152 516 2197 mano
532 2129 567 2196 di
583 2132 626 2198 V.
647 2132 688 2197 R.
702 2129 908 2211 licenciarlo,
926 2131 1058 2196 benche
1075 2129 1122 2194 lui
1138 2140 1290 2216 promete
1306 2129 1404 2195 assai.

431 2264 462 2312 2.
511 2247 547 2315 S’
565 2249 584 2312 e
600 2245 740 2332 agionto
756 2268 775 2312 a
791 2247 839 2332 gl'
856 2245 933 2312 altri
949 2245 1077 2312 Mathia
1093 2245 1300 2326 coloniense,
1318 2247 1382 2312 che
1397 2245 1416 2310 ἐ
1434 2266 1481 2310 un
1493 2246 1595 2312 buon

362 2361 522 2447 giouane,
544 2373 578 2428 et
600 2362 689 2427 forse
711 2360 935 2447 potraseruir
955 2362 1043 2428 bene
1063 2362 1105 2426 de
1126 2360 1280 2426 ministro
1299 2382 1321 2426 o
1340 2359 1594 2426 sottoministro

361 2475 395 2540 in
418 2477 563 2559 qualche
583 2475 741 2563 collegi0,
766 2498 805 2544 se
824 2477 856 2544 la
876 2475 985 2542 sanita
1012 2475 1080 2562 glie
1108 2477 1140 2542 lo
1168 2486 1356 2561 comporta,
1387 2476 1419 2541 la
1434 2476 1537 2559 quale
1555 2476 1594 2541 in

360 2589 454 2657 ltalia
471 2613 540 2657 non
556 2601 661 2658 troua.
681 2593 718 2660 S'
737 2594 756 2658 ἐ
772 2591 890 2658 scritto
905 2593 1015 2658 anche
1031 2613 1051 2656 a
1068 2592 1208 2657 Padoua
1223 2589 1325 2656 diano
1341 2594 1442 2658 Mtr0.
1461 2591 1594 2657 Carolo

360 2705 485 2772 Vrsino
502 2708 527 2786 ⁸,
546 2704 569 2771 il
585 2708 664 2790 qual
681 2708 782 2774 credo
799 2728 1006 2798 menaranno
1022 2727 1102 2773 seco
1118 2705 1221 2790 quelli
1236 2709 1301 2774 che
1313 2705 1484 2792 partirono
1500 2706 1592 2774 hieri

359 2819 395 2886 di
411 2823 529 2887 Roma.
549 2824 686 2889 Matheo
703 2823 844 2888 tudesco
860 2825 888 2888 s’
903 2824 922 2888 e
938 2821 1068 2902 scritto,
1087 2844 1133 2888 un
1151 2834 1264 2906 tempo
1282 2822 1327 2899 la,
1346 2821 1378 2886 lo
1393 2822 1590 2888 mandassi-

358 2957 404 3002 no
420 2935 453 3002 di
467 2937 583 3018 Sacer,
599 2949 633 3004 et
650 2938 739 3004 forse
755 2959 824 3002 non
841 2938 974 3003 tardare
990 2948 1109 3022 troppo
1121 2936 1179 3022 piri
1190 2937 1254 3003 che
1266 2936 1314 3022 gl’
1332 2935 1418 3001 altri.
1434 2936 1471 3004 Si
1486 2941 1588 3021 potrd

358 3054 468 3119 anche
488 3050 632 3117 ritenere
649 3051 672 3116 il
689 3053 729 3118 P.
752 3051 870 3121 Simon
888 3062 1046 3138 pruteno,
1070 3053 1204 3136 quando
1225 3053 1325 3116 uerra
1343 3050 1377 3116 di
1395 3050 1528 3132 Prusia,
1550 3065 1586 3117 et

358 3167 408 3232 fra
424 3166 471 3232 lui
487 3177 521 3232 et
537 3168 572 3232 M
578 3176 618 3231 .‘⁰
637 3167 761 3234 Carolo
778 3167 903 3234 Vrsino
915 3166 943 3232 si
959 3168 1147 3253 prouedera
1163 3167 1267 3232 molto
1283 3168 1371 3234 bene
1387 3186 1447 3251 per
1461 3165 1484 3230 li
1501 3167 1588 3233 duoi

356 3281 447 3348 corsi
468 3283 532 3348 che
560 3283 602 3348 V.
626 3284 664 3348 R.
689 3282 878 3365 ricercaua,
903 3294 937 3350 et
958 3304 1054 3349 come
1075 3303 1144 3347 non
1164 3285 1193 3347 s'
1216 3283 1235 3346 e
1263 3281 1416 3348 riceuuta
1438 3281 1588 3368 risposta

356 3417 418 3463 sua
434 3407 561 3481 quanto
579 3397 634 3463 alli
651 3396 814 3478 scocessi,
832 3400 860 3464 s’
878 3398 898 3464 ἐ
914 3399 998 3463 satta
1014 3407 1134 3483 questa
1157 3396 1329 3476 elettione,
1348 3398 1380 3464 la
1396 3398 1475 3482 qual
1493 3399 1588 3466 forse

354 3515 520 3579 conuerti
537 3511 607 3597 phi,
626 3511 719 3578 accii)
735 3511 758 3577 li
778 3511 924 3578 scocessi
941 3512 1078 3598 possino
1093 3511 1246 3598 seguiter
1262 3512 1335 3578 suoi
1351 3512 1468 3599 studij.

422 3637 454 3702 3.
503 3619 617 3703 Quelli
639 3635 674 3702 15
689 3621 752 3686 che
765 3621 809 3685 V.
824 3619 864 3685 R.
882 3620 938 3684 uol
950 3620 1123 3699 mandare,
1139 3618 1314 3704 uenghino
1329 3619 1365 3686 in
1376 3619 1468 3686 buon
1480 3622 1581 3700 hora,

355 3736 417 3799 hor
437 3732 532 3799 siano
552 3755 610 3819 per
632 3734 665 3799 la
680 3733 891 3818 probatione,
909 3736 971 3799 hor
987 3755 1048 3818 per
1070 3732 1211 3800 studiar.
1230 3734 1256 3799 ll
1278 3737 1377 3801 Mtro.
1397 3734 1545 3802 Morales
1567 3739 1580 3770 ⁹

361 3885 557 3892 —ffl——n-—u

406 3965 422 3997 ²
450 3958 516 4011 Duo
528 3956 660 4028 syllabae
673 3955 876 4010 desiderantur
889 3954 939 4010 ubi
952 3957 1052 4011 charta
1064 3963 1226 4011 atramento
1244 3973 1360 4011 corrosa
1371 3964 1431 4012 est.

408 4147 417 4178 ¹
454 4143 562 4198 Rector
591 4142 784 4198 Vindobonae
812 4144 988 4199 constitutus
1013 4152 1075 4198 erat
1104 4145 1140 4199 P.
1170 4142 1321 4200 Emericus
1345 4145 1473 4199 Forsler.
1502 4143 1582 4200 Vide

352 4230 441 4302 epist.
455 4245 520 4302 422,
535 4249 567 4286 n.
589 4243 617 4287 1.

405 4323 416 4354 ²
455 4320 612 4375 Roseffius.
632 4319 708 4375 Vide
725 4319 816 4393 epist.
832 4321 896 4390 426.
1052 4323 1063 4354 ³
1100 4319 1204 4376 Bader.
1216 4320 1292 4376 Vide
1306 4322 1393 4394 epist.
1406 4334 1470 4391 425.

405 4412 416 4443 ⁴
453 4409 548 4480 Hujus
563 4427 687 4465 examen
701 4409 768 4466 vide
781 4411 812 4465 in
822 4411 920 4484 Epist.
932 4410 1048 4480 Nalad,
1060 4411 1099 4481 11,
1110 4422 1173 4480 5743
1185 4419 1216 4466 et
1228 4410 1313 4482 infra,
1325 4411 1411 4484 epist.
1424 4422 1487 4483 447,
1503 4429 1533 4466 n.
1548 4410 1578 4467 3.

405 4500 416 4531 ⁵
454 4500 499 4553 De
512 4500 568 4554 hoc
582 4498 662 4568 vide,
676 4498 767 4571 epist.
785 4513 848 4569 422,
862 4518 895 4556 n.
912 4511 939 4569 53
954 4509 984 4555 et
997 4513 1059 4570 425.

403 4588 415 4621 ὅ
451 4585 527 4642 Vide
541 4587 627 4659 epist.
642 4599 705 4657 421.
848 4588 859 4619 l
897 4588 971 4644 Vide
985 4588 1071 4661 epist.
1086 4589 1150 4658 426.
1271 4593 1282 4626 ⁸
1320 4589 1395 4645 Vide
1407 4589 1495 4662 epist.
1508 4589 1575 4658 426.

402 4677 413 4710 ³
450 4675 581 4732 Gabriel.
596 4675 666 4748 Ejus
680 4693 804 4733 examen
817 4677 885 4734 vide
899 4677 929 4734 in
943 4677 1042 4751 Epist.
1061 4679 1179 4750 Nabal„
1192 4677 1232 4750 11,
1246 4691 1308 4748 550.
