3322 5370
582 507 617 548 20
637 493 765 548 Auernis
787 494 854 562 1567
1240 505 1291 562 441

14 628 19 717 Ι
102 640 321 726 predicatore,
339 645 382 712 ne
399 645 523 714 lettore
538 644 574 712 in
591 643 775 732 theologia,
794 646 943 714 secondo
958 647 1022 712 che
1038 667 1076 714 se
1091 643 1277 710 intendeua
1293 655 1330 710 et

12 772 13 789 ¹
102 765 311 844 permctteua
327 759 408 828 nelli
423 760 500 827 altri
516 759 641 847 cinque
656 759 752 847 loghi
768 759 874 826 citati:
889 771 1011 845 quatro
1028 759 1117 829 della
1133 779 1154 843 4
1169 769 1278 846 parte,
1292 762 1328 828 e't

7 967 11 993 1
103 871 256 956 iiquinto
271 873 365 943 daila
384 876 452 963 9.⁸,
474 873 548 943 cioe
568 897 633 942 con
654 873 840 974 conditioni
862 885 897 940 et
913 873 1114 961 obligationi
1130 897 1151 942 a
1166 875 1326 941 fundato·
1441 893 1446 900 ·

103 985 137 1067 ri,
154 996 221 1054 etc.
239 985 288 1055 Et
305 989 361 1055 all'
383 993 468 1057 hora
488 1012 546 1059 era
566 1000 688 1076 questa
706 989 739 1057 la
759 988 903 1077 prattica
923 989 1011 1057 della
1034 988 1247 1076 Compagnia
1270 990 1335 1058 nel·

103 1112 210 1188 tempo
226 1105 289 1173 del
304 1107 344 1172 Ρ.
362 1108 451 1173 Mro.
474 1105 620 1192 Ignati0,
635 1125 701 1172 con
713 1103 832 1174 ordine
844 1116 879 1174 et
890 1105 1136 1191 approbatione
1148 1127 1222 1171 sua:
1237 1104 1324 1188 cioe,

97 1217 157 1284 che
172 1217 295 1286 susem
308 1219 510 1308 obligationi
526 1232 561 1289 et
576 1219 762 1287 conditioni
778 1219 907 1289 riferite
918 1222 950 1286 al
964 1221 1144 1289 fundatore
1156 1230 1190 1288 et
1201 1221 1325 1288 funda-

97 1329 195 1400 tione.
214 1335 263 1400 Et
284 1356 353 1402 non
373 1357 457 1422 pare
477 1335 506 1403 si
526 1346 677 1422 puoteua
697 1333 864 1404 intender'
882 1334 917 1402 di
938 1346 1060 1420 questa
1079 1333 1134 1402 ch'
1150 1332 1250 1402 insin'
1266 1335 1322 1402 ail'
1405 1319 1407 1322 ⁵

97 1447 173 1512 hora
188 1469 264 1516 non
280 1454 308 1518 s'
325 1453 464 1520 haueua
478 1449 600 1534 inteso,
619 1450 661 1518 ni
681 1450 857 1537 parlatosi:
876 1449 962 1531 ciori,
980 1453 1047 1520 che
1062 1451 1095 1518 la
1110 1450 1325 1538 Compagnia

97 1582 160 1628 non
174 1564 204 1632 si
220 1566 360 1652 puotesi
375 1567 509 1654 obligar
525 1589 545 1633 a
560 1589 598 1636 se
614 1577 735 1634 stessa.
754 1569 798 1634 Et
814 1577 936 1653 questo
956 1567 985 1633 si
1006 1568 1074 1653 puo
1089 1568 1214 1636 vedere
1234 1567 1323 1634 dello

98 1679 206 1760 parole
230 1692 268 1750 et
289 1683 484 1770 spagnuole
503 1692 539 1751 et
559 1681 664 1750 latine
683 1682 772 1749 della
792 1681 1047 1750 constitutione.
1071 1683 1110 1748 In
1131 1682 1323 1769 spagnuolo

98 1789 190 1860 dice:
211 1818 289 1864 rno
308 1796 479 1865 conuiene
499 1807 614 1865 acetar
637 1795 797 1864 dotacion
825 1795 978 1878 ninguna
997 1817 1063 1863 con
1082 1795 1279 1882 obligarnos
1301 1803 1322 1863 a

98 1906 154 1972 dar
172 1911 386 1995 predicador,
404 1917 426 1979 ό
447 1913 635 1992 consessor,
658 1917 679 1978 ό
699 1914 807 1979 lector
820 1912 949 1997 aiguno
965 1920 981 1953 ⁸
1000 1911 1043 1979 de
1060 1911 1275 1996 theologia.»
1294 1912 1321 1977 Il

100 2023 172 2104 qual
187 2027 288 2093 modo
302 2027 340 2093 di
355 2027 499 2113 parlare,
516 2028 666 2096 secondo
685 2027 752 2094 che
771 2026 847 2094 dice
863 2025 1041 2106 Ximenez,
1059 2025 1093 2091 in
1109 2025 1320 2112 castegliano

99 2133 292 2222 significati
315 2163 462 2211 comune
484 2143 586 2209 modo
613 2144 657 2210 de
678 2141 810 2228 obligat
831 2152 967 2224 mutu03
991 2151 1026 2210 et
1046 2142 1078 2206 la
1098 2140 1319 2210 translatione

100 2247 197 2320 latina
225 2259 409 2344 approbata
435 2280 497 2344 per
520 2258 552 2324 ia
575 2257 859 2344 congregatione,
882 2256 916 2322 lo
938 2256 1112 2344 significa,
1135 2258 1202 2326 che
1224 2256 1316 2324 dice:

104 2365 175 2433 Non
190 2374 351 2439 conuenit
365 2374 472 2439 ullam
489 2373 629 2460 collegio
643 2374 845 2438 dotationem
867 2373 1064 2454 admittere,
1071 2379 1256 2471 perquam
1272 2373 1318 2438 ad

100 2480 244 2553 άαηόιιηι
263 2489 552 2568 concimzatoram,
567 2493 628 2554 aut
642 2489 913 2575 confessarium,
933 2493 994 2554 cui
1016 2489 1170 2554 lectorem
1195 2487 1318 2554 alwalo-

99 2597 172 2680 gt'ae
187 2601 330 2669 Societas
345 2603 526 2691 obligatur.
546 2606 584 2669 In
600 2605 701 2669 modo
717 2605 782 2671 che
799 2626 867 2668 non
884 2625 964 2689 pare
979 2603 1174 2691 prohibirsi,
1189 2605 1212 2668 l'
1227 2603 1316 2670 obli-

100 2711 226 2794 gatione
240 2719 431 2786 voluntaria
446 2741 516 2785 non
532 2719 659 2787 riferita
670 2719 735 2786 alla
747 2719 933 2798 dotatione,
951 2721 995 2785 ne
1006 2720 1038 2786 al
1054 2720 1220 2800 dotatore3
1235 2740 1315 2805 per-
1393 2711 1396 2722 '

102 2827 160 2896 che
174 2843 289 2917 questa
304 2855 376 2901 non
390 2837 419 2902 s'
436 2846 548 2903 acetta
572 2856 657 2901 «con
673 2835 870 2922 obligarnos
890 2841 910 2902 a
929 2835 991 2902 dar
1006 2834 1223 2922 predicador»
1244 2835 1313 2904 imo

101 2961 133 3008 se
151 2960 241 3017 aceta
265 2951 477 3036 simpliciter,
499 2952 574 3017 sina
597 2951 785 3017 conditione
808 2951 936 3036 aliqua.
962 2953 1034 3017 Nec
1056 2952 1252 3016 admittitur
1274 2971 1314 3016 aa

102 3057 220 3146 dototiu
231 3073 297 3152 per
313 3087 417 3152 quom
434 3067 479 3132 ad
495 3067 650 3133 dandum
666 3069 951 3146 concionatorem,
968 3077 1050 3146 etc,
1067 3066 1236 3154 obligetur
1251 3067 1315 3132 So-

102 3176 199 3259 caue
213 3183 280 3248 imo
296 3182 391 3248 nulio
401 3188 501 3267 pacto
516 3205 577 3270 per
593 3182 706 3267 quella
727 3185 747 3248 e
768 3182 919 3269 obligata
939 3183 972 3248 la
988 3180 1202 3268 Compagnia
1217 3203 1238 3248 a
1253 3183 1314 3248 dar

101 3293 276 3364 confessore
293 3319 315 3363 o
340 3296 571 3382 predicatore,
589 3307 656 3366 etc.
674 3296 719 3364 Di
739 3299 843 3364 modo
864 3295 930 3364 ¹che
951 3318 1032 3382 pare
1052 3298 1116 3362 che
1137 3319 1206 3363 non
1227 3318 1312 3363 con-

104 3407 222 3490 tradica,
239 3412 263 3478 il
279 3413 381 3480 rnodo
392 3411 427 3478 di
439 3413 592 3499 obligare
608 3415 640 3480 la
652 3412 866 3500 Compagnia
877 3433 914 3478 se
926 3420 1047 3494 stessa,
1062 3421 1216 3496 aquesta
1227 3432 1312 3477 con-

102 3520 272 3596 stitutione.
292 3527 336 3593 Et
350 3529 562 3612 simpliciter,
578 3527 607 3594 si
624 3527 795 3616 vogiiamo
815 3527 1042 3606 considerare,
1061 3548 1130 3592 non
1145 3525 1175 3590 si
1191 3525 1311 3611 prohi-

104 3633 180 3708 bisce
194 3643 281 3710 nella
295 3641 512 3734 Compagnia
527 3643 612 3710 altra
627 3643 850 3729 obligatione,
865 3645 931 3712 che
943 3641 1056 3728 quella
1071 3642 1137 3709 che
1153 3639 1311 3708 eriserita

104 3751 157 3822 alle
170 3775 244 3826 cose
259 3757 448 3845 temporali,
467 3765 505 3824 ui
516 3759 576 3824 ltoc
583 3766 651 3844 pro
667 3758 749 3824 illoi’
764 3759 792 3825 si
810 3757 908 3840 faeci,
926 3779 947 3823 o
963 3755 992 3824 si
1008 3755 1124 3836 acetti,
1138 3737 1159 3822 o
1175 3754 1272 3842 pigli,
1290 3777 1312 3821 o

103 3865 301 3956 sidemandi3
318 3895 356 3941 se
371 3895 442 3941 non
461 3874 663 3959 simpliciter
684 3895 742 3960 per
763 3871 784 3938 1¹
801 3855 905 3941 arnor’
926 3873 969 3939 de
988 3870 1067 3938 Di0.
1090 3872 1117 3937 ΙΙ
1132 3871 1207 3937 loco
1222 3869 1311 3936 della

104 3979 179 4052 bolla
199 3989 218 4055 ὁ
240 4000 385 4075 questo:
415 3990 537 4056 Gratis
562 3989 703 4056 omnino
728 3993 759 4054 et
785 3988 879 4070 nulio
895 3994 964 4072 pro
986 4009 1047 4052 suo
1070 3988 1108 4052 in
1123 3985 1313 4073 praedictis

100 4101 237 4168 amnuo
256 4103 387 4190 labore,
410 4104 578 4190 stipendio
600 4109 741 4188 accepte,
761 4123 797 4169 se
823 4102 940 4168 utilem
963 4101 1118 4167 exhibeat
1123 4151 1133 4182 ,
1159 4110 1225 4169 etc.
1245 4100 1312 4168 Nel

99 4211 190 4296 primo
210 4216 356 4304 capitolo
376 4220 432 4286 del
452 4239 608 4288 essamen
627 4219 658 4286 si
678 4217 776 4286 dice:
798 4243 812 4279 r
829 4217 874 4286 Ni
895 4227 1051 4303 tampoco
1071 4237 1133 4303 por
1152 4215 1272 4282 missas
1288 4220 1310 4281 6

99 4347 275 4366 ‘'-n-

139 4423 154 4457 ⁸
180 4416 309 4492 Arctet,
322 4420 507 4494 αἰζηοί-δ
530 4419 670 4493 Sequitur
677 4419 739 4494 fici
752 4419 952 4477 obliteratum.

97 4534 274 4553 Ἢ

97 4595 155 4696 iilud
166 4610 275 4678 tenpus
287 4605 420 4662 additum
434 4605 538 4674 fuisse,
551 4603 739 4661 confirmatur
751 4623 789 4661 ex
802 4605 849 4670 iis,
863 4620 938 4678 quae
956 4605 991 4660 P.
1009 4604 1047 4659 de
1060 4603 1088 4660 la
1101 4603 1192 4659 Torre
1203 4603 1233 4658 in
1246 4601 1310 4658 edi-

98 4693 165 4744 tione
176 4693 414 4750 constitutionum
428 4711 522 4767 nuper
538 4695 677 4765 allegata,
689 4710 761 4766 pag.
780 4693 841 4766 135,
857 4703 959 4750 annot.
977 4693 1029 4764 (a),
1043 4690 1157 4748 scribit.
