3482 5386
674 555 840 611 Axrxumx

691 789 820 856 LXXX

465 921 499 977 P.
512 921 752 977 EVERARDUS
765 921 1048 980 MERCURIANUS

386 1057 744 1106 enovmcrnmeus
777 1057 829 1106 ΕΤ
861 1058 1128 1107 necromeus

536 1172 677 1250 Romae,
699 1189 737 1255 13
754 1171 835 1256 Maji
855 1187 938 1256 1574
956 1173 979 1240 ¹.

495 1303 625 1359 Litterae
634 1307 780 1377 patentes,
791 1309 850 1376 pro
862 1305 899 1360 P.
915 1304 1031 1362 Natali.

207 1421 322 1508 JesuS.
340 1417 363 1508 †
379 1421 563 1488 lle-Cum
580 1423 622 1488 R.
640 1421 742 1488 Pater
758 1418 919 1506 magister
935 1421 1168 1507 Hieronymus
1184 1423 1315 1491 Natalis
1330 1423 1366 1490 in

128 1507 365 1577 Germaniam
379 1507 509 1575 anobis
520 1507 685 1588 mittatur,
695 1507 863 1593 cupimus',
875 1521 912 1574 ut
923 1510 963 1588 si,
978 1510 1091 1594 aliquo
1103 1509 1138 1576 in
1150 1511 1295 1598 collegio
1306 1524 1367 1580 aut

130 1599 248 1664 domo
263 1607 468 1676 nostrorum,
483 1618 569 1683 opus
581 1596 737 1664 habuerit
748 1599 851 1664 fratre
867 1609 926 1664 aut
943 1601 1057 1678 Patre,
1072 1599 1130 1684 qui
1146 1601 1216 1666 dux
1231 1599 1306 1668 eius
1321 1601 1367 1668 sit

128 1685 177 1752 in
193 1685 317 1754 itinere
331 1708 391 1772 per
407 1685 544 1770 aliquod
565 1685 695 1752 itineris
718 1685 882 1771 spatium,
905 1708 983 1755 eum
1005 1686 1052 1752 illi
1075 1687 1162 1754 detis
1183 1701 1366 1774 ceteraque

130 1774 260 1876 omnia
275 1773 450 1876 eharitatis
466 1774 581 1876 officia·
591 1795 675 1876 erga
690 1773 786 1876 illum
806 1774 997 1860 praestetis,
1016 1797 1103 1861 quae
1114 1775 1225 1877 'ipsius
1241 1777 1362 1858 virtue,

100 1885 104 1896 ·
133 1875 280 1944 merita,
295 1874 329 1931 et
344 1866 491 1930 charitas
503 1873 649 1929 mst1tut1
662 1874 782 1944 nostrl,
797 1885 875 1929 cum
888 1886 964 1930 meo
976 1864 1157 1944 desidem,
1172 1865 1362 1950 requirunt.

137 1954 225 2019 Hoc
241 1952 325 2018 mihi
341 1951 405 2020 erit
420 1951 662 2038 gratissimum.
683 1954 823 2031 Romae,
846 1970 884 2037 13
901 1951 955 2019 die
972 1953 1050 2038 Maij
1074 1968 1169 2036 1574.

685 2174 829 2239 LXXXI

466 2314 500 2369 P.
514 2312 753 2369 EVERARDUS
765 2313 1048 2370 MERCURIANUS

547 2459 652 2506 mam
670 2458 787 2506 eruco
802 2459 965 2506 aorrxeo

507 2583 668 2660 Romae,
699 2595 740 2663 15
765 2579 858 2664 Maji
887 2581 1011 2664 1574¹.

424 2711 554 2768 Litterae
567 2711 840 2779 commendatitiae,
851 2715 909 2784 pro
923 2711 959 2766 P.
975 2711 1091 2767 Natali.

215 2837 437 2906 Reverendus
458 2837 559 2904 Pater
579 2836 810 2920 Hieronymus
829 2835 978 2916 Natalis,
1000 2839 1283 2921 quemadmodum
1305 2861 1369 2906 eu-

144 2927 307 3016 piebatis,
326 2925 419 2992 uenit
433 2923 469 2992 in
485 2923 696 3011 prouinciam
712 2927 790 2993 R.⁸⁸
804 2927 911 3005 Tuae,
930 2945 1031 3009 quam
1047 2927 1259 3010 potissimum
1276 2930 1369 2997 dele-

146 3019 214 3106 git,
232 3027 271 3083 ut
287 3013 494 3099 aliquandiu,
509 3011 582 3079 siue
594 3014 722 3096 aliquot
734 3034 852 3096 annm,
869 3015 942 3081 Deo
954 3015 1068 3092 dante,
1082 3017 1172 3100 apud
1185 3038 1247 3083 uos
1259 3018 1367 3086 uiuat.

146 3109 225 3194 lpse
240 3107 353 3172 bonus
368 3123 485 3184 senex,
505 3111 542 3167 ut
557 3123 690 3186 semper
706 3121 894 3186 propensus
910 3101 975 3167 ruit
989 3124 1072 3187 erga
1087 3125 1285 3189 germanos,
1304 3108 1369 3172 ha-

146 3197 245 3264 lense
261 3193 442 3278 collegium
460 3203 612 3256 nostrum
626 3191 638 3223 ⁸
654 3190 785 3275 optauit
801 3210 877 3256 esse
892 3189 1099 3256 domicilium
1115 3213 1228 3273 suum,
1246 3216 1288 3260 ex
1301 3215 1369 3278 quo

146 3297 264 3352 tamen
281 3280 403 3369 poterit
419 3279 461 3347 ad
478 3279 629 3365 proxima
645 3277 787 3362 collegia
803 3298 998 3357 excurrere,
1017 3300 1095 3344 cum
1117 3281 1273 3348 uoluerit.
1293 3284 1370 3350 Me·

144 3373 213 3440 rita
225 3382 261 3438 et
273 3371 382 3436 uirtus
394 3379 463 3436 tam
476 3367 557 3433 boni
568 3365 676 3433 Patris
689 3366 782 3447 satie,
793 3366 866 3432 sine
878 3365 1010 3446 litteris,
1021 3367 1205 3453 unicuique
1217 3381 1368 3438 uestrum

146 3463 253 3529 debet
275 3480 350 3527 esse
374 3457 621 3524 commendata.
648 3457 701 3520 Ac
725 3465 901 3540 propterea
924 3476 1002 3521 eum
1024 3458 1065 3524 T.
1092 3458 1171 3525 ΙΨ
1188 3479 1256 3524 non
1279 3461 1368 3525 duco

148 3571 225 3617 esse
242 3545 472 3616 necessarium
489 3555 527 3610 ut
547 3545 791 3622 commendem,
810 3543 873 3608 nisi
890 3545 979 3628 quod
996 3544 1079 3610 mihi
1092 3545 1155 3613 erit
1171 3566 1273 3630 quam
1289 3569 1368 3634 gra-

146 3638 318 3705 tissimum
335 3635 370 3700 in
386 3633 546 3714 Domin0,
561 3642 599 3698 ut
614 3631 781 3718 intelligat
798 3654 839 3700 ex
855 3643 1046 3698 nostrorum
1064 3655 1146 3719 erga
1157 3633 1251 3700 illum
1269 3657 1370 3704 reue-

147 3727 261 3794 rentia
284 3735 319 3790 et
342 3723 508 3789 charitate
532 3732 741 3806 quantopere
756 3720 850 3785 illum
868 3742 994 3802 amem,
1012 3743 1052 3787 ac
1072 3744 1155 3788 uero
1176 3745 1289 3791 amare
1309 3727 1370 3794 de·

149 3816 255 3883 beant
271 3812 390 3881 nostri.
409 3810 563 3894 Reliqua,
582 3831 668 3894 quae
684 3811 727 3875 ad
743 3808 833 3875 illius
850 3809 1011 3875 uiaticum
1029 3811 1209 3894 pertinent,
1228 3812 1302 3880 aliis
1314 3813 1371 3879 lit-

150 3905 233 3974 teris
249 3904 293 3968 ad
310 3903 352 3969 T.
371 3903 458 3969 ΙΨ
468 3897 736 3985 perscribuntur.
752 3897 789 3966 Si
802 3897 957 3966 R.‘¹¹¹⁸hic
969 3899 1071 3965 Pater
1086 3899 1201 3984 cupiat
1212 3899 1313 3967 etiam
1326 3902 1371 3967 ad

151 3993 217 4059 alia
233 3991 377 4076 collegia
394 4009 585 4068 excurrere,
604 3997 638 4054 et
654 3985 700 4051 ibi
717 4007 866 4068 manere,
880 3998 976 4053 curet
992 3990 1034 4056 T.
1052 3985 1114 4057 Rr
1130 3999 1168 4053 ut
1183 3989 1370 4074 excipiatur

152 4079 376 4168 perbenigne,
393 4088 428 4143 et
444 4078 486 4144 ab
503 4075 615 4161 aliquo
632 4078 734 4142 Patre
751 4075 805 4143 uel
822 4076 927 4141 tratre
942 4075 976 4141 in
993 4074 1064 4142 suis
1084 4076 1206 4143 studiis
1226 4078 1369 4144 adiuue-

151 4181 219 4252 tur;
238 4168 330 4253 quod
346 4166 482 4251 quidem
503 4166 611 4232 Halae
631 4163 694 4229 erit
715 4175 1015 4249 peropportunum,
1033 4165 1199 4250 uobisque
1215 4167 1314 4234 cedet
1333 4167 1368 4234 in

150 4281 220 4326 non
236 4257 399 4343 exiguum
420 4256 561 4335 bonum,
579 4263 644 4319 etc.
665 4255 804 4335 Romae,
828 4267 864 4335 15
883 4252 963 4338 Maji
985 4269 1083 4336 1574.

202 4453 210 4484 ¹
249 4451 294 4506 Ex
307 4451 473 4522 apographo
485 4464 607 4518 coaevo,
620 4447 650 4502 in
667 4445 768 4502 codice
785 4445 866 4500 varia
878 4446 1059 4502 continente.
1078 4447 1112 4502 In
1125 4447 1255 4519 margine
1270 4465 1276 4504 :
1293 4449 1370 4503 Pro-

148 4540 331 4596 oineiatibus
342 4543 371 4595 et
381 4538 544 4594 rectoribus
557 4539 589 4592 in
604 4537 697 4591 Italia
709 4539 738 4591 et
753 4534 922 4591 Germania
932 4539 990 4606 pro
1004 4536 1045 4592 P.
1058 4535 1178 4593 Natali.

203 4627 216 4662 ¹
251 4627 296 4683 Ex
309 4627 450 4698 Regesto,
466 4623 539 4681 Cod.
554 4625 639 4697 33j)‚
652 4623 702 4681 iol.
719 4636 762 4680 11.

206 4718 217 4750 ³
253 4716 330 4772 Vide
343 4715 429 4788 epist.
444 4725 506 4786 557,
521 4731 588 4770 cum
601 4712 848 4770 annotationibus.
