3482 5386
411 492 467 564 736
797 489 902 546 Erret.
922 483 956 542 P.
976 483 1178 542 Narrare-613

375 647 411 712 la
430 644 542 734 gratia
566 644 622 711 del
642 643 780 730 Signor.
809 640 868 711 Sia
888 661 951 706 suo
968 648 1088 706 sancto
1107 659 1209 708 nome
1235 639 1418 707 benedetto
1434 639 1474 704 in
1489 635 1609 702 semla

372 767 530 829 bainna.
554 761 606 828 En
632 760 665 825 la
692 757 844 826 oratione
860 767 894 822 et
910 755 1013 823 misse
1038 754 1128 823 della
1149 757 1189 821 P.
1208 756 1252 822 V.
1274 753 1310 819 di
1331 774 1434 820 cuore
1448 751 1496 818 mi
1511 751 1607 816 rico·

376 876 513 958 mando,
531 886 566 944 et
581 873 660 944 delli
677 872 779 942 Padri
794 871 964 940 assistenti
976 882 1011 939 et
1022 871 1216 939 secretario.
1229 871 1270 936 El
1280 867 1406 957 Signor
1421 865 1604 954 augmenti

373 1014 508 1079 ¹sempre
523 991 560 1058 in
576 993 620 1059 V.
639 991 679 1056 P.
697 989 746 1076 gli
762 986 812 1056 soi
827 987 936 1054 sancti
952 986 1032 1054 doni
1047 1009 1068 1054 a
1083 985 1217 1074 magior
1232 984 1342 1072 gloria
1356 985 1391 1052 di
1405 1005 1468 1051 sua
1479 981 1603 1050 diuina

376 1108 460 1176 Mra.
479 1117 513 1175 et
524 1128 611 1193 gran
627 1115 812 1191 augmento
827 1104 870 1170 de
881 1104 914 1169 la
926 1101 1149 1189 Compagnia.
1164 1103 1218 1168 De
1240 1101 1342 1182 Han,
1361 1101 1403 1167 28
1418 1101 1462 1168 de
1485 1097 1601 1166 Gian-

376 1244 460 1298 naro
474 1237 570 1305 1577.
589 1223 633 1288 D.
652 1221 696 1287 V.
716 1219 755 1284 Ρ.
774 1239 876 1285 seruo
896 1217 932 1283 in
951 1216 1030 1304 X.⁰,

1184 1334 1208 1419 †
1232 1334 1371 1400 Nnnnr..
1396 1333 1421 1420 's

443 1453 629 1537 Insnript'io
642 1453 681 1517 in
696 1453 822 1536 quarta
832 1449 980 1536 pagina,
993 1449 1064 1515 alia
1080 1469 1200 1514 manu:
1212 1448 1235 1534 †
1248 1448 1442 1514 Admodum
1459 1447 1551 1513 Rdo.
1566 1445 1604 1512 in

376 1567 518 1637 Christo
545 1565 639 1634 Patri
655 1566 699 1633 N.
719 1567 759 1631 P.
785 1562 959 1632 Euerardo
980 1563 1209 1646 MercurianO,
1232 1562 1423 1649 praeposito
1445 1561 1603 1648 generali

375 1683 664 1770 SocietatisJesu.
681 1683 821 1748 Rornae.
841 1681 921 1746 Alia
937 1702 1056 1747 manu:
1087 1696 1183 1764 1577.
1206 1679 1307 1748 Hala.
1330 1682 1370 1746 P.
1392 1677 1539 1746 Natalis.
1559 1679 1604 1744 28

371 1798 538 1889 Januarii.
556 1797 676 1888 Sigitti
691 1797 887 1884 vestigium.

950 2016 1030 2074 ⁰1³

595 2157 597 2160 ·
687 2135 720 2190 P.
740 2134 979 2191 EVERARDUS
998 2133 1284 2192 MERCURIANUS

452 2275 454 2278 ·
497 2275 500 2278 ·
564 2253 750 2321 PATRI
788 2251 1161 2320 HIERONYMO
1199 2251 1408 2320 NADAL

750 2397 872 2457 nouas,
885 2397 1101 2454 asserendam
1116 2396 1182 2454 1577
1193 2385 1215 2441 ¹.

378 2503 422 2562 De
438 2504 560 2560 Natalis
577 2503 679 2558 reditu
696 2502 730 2557 in
742 2501 881 2556 Italiam:
898 2502 934 2556 de
947 2500 1135 2574 imaginibus
1147 2500 1337 2564 excudam,
1355 2504 1383 2556 ot
1398 2500 1435 2556 de
1449 2500 1539 2564 socio,
1558 2517 1604 2554 aa

661 2607 766 2646 sacrae
775 2590 1031 2662 poenitentiariaa
1042 2593 1132 2662 aptus
1143 2593 1308 2646 censeatur.

442 2716 580 2785 Riceuei
596 2737 663 2782 vna
679 2714 715 2781 di
731 2717 774 2783 V.
793 2717 834 2782 R.
853 2714 888 2780 di
904 2715 982 2800 xxxj
1000 2714 1034 2781 di
1047 2716 1250 2794 Decembre,
1265 2737 1324 2800 per
1336 2715 1370 2781 la
1381 2714 1480 2798 quale
1493 2713 1600 2782 intesi

373 2833 407 2897 la
422 2829 597 2917 diligentia
613 2833 667 2896 ch'
686 2832 730 2896 ha
745 2841 844 2896 vsato
860 2829 895 2895 in
911 2850 1038 2916 pagare
1053 2829 1076 2895 il
1093 2829 1218 2896 viatico
1233 2829 1289 2897 del
1309 2850 1372 2896 suo
1387 2849 1597 2914 compagno,

372 2968 392 3015 e
408 2945 521 3031 quello
537 2947 604 3013 che
617 2946 651 3013 le
666 2967 747 3031 pare
762 2945 818 3012 del
834 2942 949 3012 debito
970 2947 1025 3011 ch'
1042 2943 1224 3011 habbiamo
1244 2965 1305 3030 per
1324 2955 1426 3011 conto
1446 2942 1480 3008 di
1501 2941 1596 3024 libri,

372 3072 407 3128 et
423 3064 469 3126 m'
486 3059 625 3126 inchino
640 3061 673 3127 al
682 3064 750 3126 'suo
766 3080 898 3145 parere,
912 3062 977 3128 che
992 3059 1077 3126 detti
1091 3059 1167 3125 libri
1183 3059 1310 3126 restino
1321 3059 1421 3138 costi,
1435 3057 1599 3144 pagando

373 3177 446 3242 loro
461 3176 575 3260 quello
591 3177 654 3242 che
671 3185 761 3242 resta
777 3175 820 3240 da
832 3174 967 3261 pagarsi
980 3196 1040 3260 per
1050 3173 1130 3256 essi,
1144 3195 1181 3241 se
1196 3174 1279 3261 perd
1294 3175 1337 3240 V.
1353 3175 1395 3241 R.
1409 3173 1507 3261 potrd
1523 3174 1600 3242 fare

373 3312 477 3358 senza
492 3289 572 3372 essi3
590 3288 715 3375 perche
732 3275 922 3356 ancorache
938 3289 1045 3356 siamo
1061 3289 1119 3375 qui
1134 3291 1239 3357 molto
1255 3289 1321 3356 alla
1335 3297 1469 3371 stretta,
1482 3309 1553 3355 non
1565 3291 1601 3359 le

372 3405 546 3492 vogliamo
562 3406 646 3490 perd
662 3423 820 3471 mancare
836 3402 871 3468 in
888 3425 969 3472 cosa
984 3407 1048 3471 che
1063 3405 1086 3470 l’
1104 3403 1230 3472 habbia
1240 3404 1284 3470 da
1299 3425 1392 3472 esser
1403 3405 1596 3471 commoda.

373 3523 403 3587 E
415 3521 486 3587 cosi
498 3521 542 3586 V.
557 3522 599 3586 R.
614 3519 772 3585 hauendo
786 3521 1039 3587 accommodate
1051 3520 1083 3588 le
1095 3541 1156 3587 sue
1168 3541 1260 3602 cose,
1274 3531 1308 3586 et
1319 3519 1425 3588 sendo
1435 3520 1470 3587 le
1479 3520 1599 3589 suade

372 3635 497 3717 sicure,
515 3634 562 3700 dil
578 3635 644 3701 che
660 3632 718 3721 qui
733 3654 858 3700 ancora
874 3633 1021 3706 moltosi
1037 3632 1191 3714 dubbita,
1208 3638 1305 3720 petra
1316 3655 1381 3701 con
1392 3635 1425 3700 la
1435 3633 1598 3702 benedit-

371 3749 464 3817 tione
480 3748 515 3814 di
531 3747 598 3817 Dio
613 3747 756 3836 pigliare
771 3749 804 3816 la
820 3750 911 3816 volta
931 3748 966 3814 di
981 3749 1139 3830 Venetia,
1157 3771 1178 3815 o
1194 3749 1332 3830 Milan0,
1350 3771 1371 3816 o
1386 3751 1508 3829 Roma3
1527 3752 1596 3818 che

370 3866 404 3932 la
420 3865 601 3933 vedererno
618 3873 714 3930 tanto
730 3862 910 3931 voluntieri
927 3876 1056 3949 quanto
1072 3863 1270 3932 richiedono
1285 3864 1297 3930 i
1312 3863 1423 3931 meriti
1438 3863 1514 3931 suoi
1530 3887 1552 3932 e
1566 3867 1594 3930 l'

371 4000 487 4046 amore
503 3981 566 4045 che
582 3979 614 4045 le
630 3987 728 4062 porto
740 3979 779 4043 in
792 3979 951 4044 Domino.
967 3978 1008 4046 Ci
1023 3977 1120 4064 piace
1135 3980 1239 4046 molto
1251 3982 1314 4046 che
1329 3980 1362 4048 le
1377 3999 1438 4047 sue
1449 3979 1596 4067 imagini

372 4092 544 4161 habbiano
556 4093 581 4158 il
591 4114 654 4160 suo
667 4093 748 4174 fine,
763 4101 797 4161 et
815 4093 859 4158 mi
876 4116 935 4179 par
945 4095 1034 4163 bene
1046 4097 1123 4175 che,
1136 4093 1453 4161 accommodandosi
1468 4096 1500 4162 le
1512 4115 1597 4166 cose

371 4208 405 4275 di
422 4209 581 4292 Fiandra,
603 4209 635 4275 le
656 4207 744 4294 porri
765 4207 788 4273 il
810 4209 850 4274 P.
870 4208 1091 4277 Schonhouio
1103 4209 1129 4292 ³,
1147 4220 1182 4276 et
1197 4208 1306 4296 agiuti
1325 4211 1390 4276 alla
1409 4221 1544 4297 stampa
1561 4211 1598 4278 di

369 4345 458 4404 esse,
477 4323 571 4390 accib
588 4321 760 4391 rieschino
777 4323 924 4409 compita
939 4335 973 4390 et
989 4325 1146 4411 perfette.
1166 4326 1343 4412 Equando
1355 4345 1425 4392 non
1435 4324 1465 4391 si
1478 4337 1596 4412 potss-

423 4509 431 4540 ‘
470 4509 514 4562 Ex
528 4509 669 4580 Regesto,
687 4505 761 4564 Cod.
781 4521 814 4578 33
827 4507 871 4578 k),
884 4507 936 4564 fol.
950 4524 977 4579 4.
992 4509 1025 4564 In
1038 4509 1179 4580 margine:
1193 4511 1284 4566 Halo.
1298 4511 1339 4567 P.
1358 4508 1518 4567 Girolm
1532 4512 1596 4570 Na-

367 4597 442 4652 tale.
461 4595 537 4652 Vide
550 4597 637 4668 epist.
650 4597 715 4662 610,
730 4596 777 4651 cui
790 4597 863 4652 haec
875 4597 1043 4671 respondet.

420 4688 432 4720 ¹
469 4683 529 4752 Sic3
543 4683 596 4740 sed
609 4685 681 4740 ali'as
695 4684 833 4740 scribitur
846 4687 1025 4744 Zonhovius.
1039 4686 1115 4743 Vide
1128 4688 1216 4760 epist.
1228 4685 1293 4756 603;
1306 4688 1370 4762 608,
1383 4695 1443 4746 etc.
