3384 5382
446 540 497 612 588
832 539 938 596 Errsr.
957 539 991 595 P.
1011 538 1216 610 Napai-518

408 715 453 760 uo
469 692 586 772 molto,
606 692 731 776 perche
748 711 852 758 senza
872 689 977 758 dubio
1004 691 1077 758 loro
1103 713 1293 779 pensarano
1313 693 1379 758 che
1405 690 1532 758 alcuno
1550 690 1625 756 delia

407 805 622 894 Compagnia
638 807 662 870 l'
679 805 784 873 habbi
800 807 885 873 fatto
901 829 922 874 o
938 806 1079 889 aiutato‚
1095 818 1130 874 et
1146 806 1344 876 scriuerano
1359 816 1481 873 contra
1501 804 1535 870 di
1552 825 1624 889 que-

407 925 463 1006 lla;
483 933 518 991 et
534 920 617 1007 perd
638 920 672 987 io
691 919 737 986 mi
758 941 820 988 son
842 921 1018 989 inchinato
1037 923 1080 989 ad
1100 921 1298 1010 applicarmi
1316 943 1334 986 a
1356 931 1491 1006 questo,
1512 919 1622 988 sicone

408 1041 454 1106 ho
472 1039 556 1103 fatto
573 1033 630 1122 gi'a
645 1034 785 1102 alehuni
800 1035 924 1122 giorni.
944 1037 987 1103 Et
1003 1036 1145 1106 hauerei
1161 1035 1319 1124 bisognio
1334 1034 1425 1102 doio
1438 1046 1490 1102 tre
1505 1033 1581 1101 mesi
1594 1033 1623 1100 di

408 1165 524 1239 tempo
545 1173 604 1236 per
625 1151 861 1236 locupletarlo,
884 1151 1058 1222 lasciando
1078 1153 1101 1217 l'
1123 1151 1265 1219 historia
1280 1161 1316 1220 et
1334 1150 1357 1216 l’
1378 1149 1622 1237 oppugnatione

408 1269 442 1336 di
460 1268 585 1353 quella,
603 1276 638 1333 et
654 1263 814 1334 intrando
830 1266 910 1334 nelli
926 1267 1120 1353 argumenti
1137 1270 1204 1335 che
1218 1267 1254 1334 vi
1265 1289 1350 1336 sono
1365 1267 1492 1349 tocchi‚
1509 1277 1542 1334 et
1555 1267 1621 1331 dar-

409 1386 441 1450 1ο
458 1385 490 1450 al
507 1383 637 1469 Morejo
659 1381 756 1467 quasi
778 1391 869 1448 tutto
890 1382 986 1448 fatto.
1011 1385 1145 1468 Questo
1173 1382 1294 1467 saccio,
1325 1384 1450 1466 Padre,
1469 1403 1534 1448 con
1548 1403 1621 1468 gran

409 1498 558 1577 volontd,
578 1507 613 1565 et
629 1517 729 1584 spero
745 1497 892 1582 qualche
912 1498 1019 1564 frutto
1039 1499 1162 1564 conia
1181 1497 1298 1565 diuina
1318 1497 1444 1585 gratia3
1464 1499 1579 1583 perche
1596 1497 1621 1560 la

409 1614 476 1680 mia
492 1611 738 1693 inchinatione,
758 1634 855 1680 come
871 1633 932 1698 per
948 1614 1034 1679 altre
1049 1615 1096 1680 ho
1112 1612 1232 1680 scritto
1243 1614 1309 1680 alla
1327 1617 1367 1681 P.
1388 1614 1448 1694 V.,
1467 1613 1501 1679 in
1516 1626 1618 1700 questo

409 1749 496 1816 poco
512 1730 575 1794 che
592 1725 638 1793 mi
654 1739 745 1794 resta
761 1729 804 1794 de
820 1727 904 1809 vita,
922 1730 941 1798 ὁ
958 1729 1143 1814 (iasciando
1158 1730 1242 1816 pero
1258 1729 1281 1796 il
1298 1739 1390 1796 tutto
1411 1730 1477 1796 aila
1495 1727 1619 1813 disposi·

410 1844 503 1912 tione
518 1844 608 1910 della
623 1854 722 1928 santa
737 1842 945 1930 obedientia)
961 1846 1130 1913 attender'
1149 1867 1170 1913 a
1185 1845 1329 1912 scriuer'
1347 1857 1470 1912 contra
1484 1841 1615 1918 heretici,

284 2043 291 2057 ι
410 1981 431 2028 o
448 1981 510 2046 per
525 1980 592 2040 me,
610 1980 632 2025 o
648 1981 709 2044 per
725 1959 814 2026 altri.
832 1957 900 2025 Giai
917 1961 1039 2029 adesso
1055 1958 1088 2026 io
1103 1963 1149 2027 ho
1169 1962 1213 2028 da
1235 1971 1408 2048 aspettare
1434 1957 1514 2047 ogni
1535 1957 1617 2022 modo

409 2074 522 2162 questi
539 2073 595 2141 doi
609 2073 711 2140 Padri
724 2075 789 2141 che
800 2076 916 2140 hanno
928 2097 948 2141 a
960 2075 1089 2158 venire,
1104 2097 1202 2144 come
1218 2077 1262 2145 V.
1278 2078 1319 2143 P.
1334 2098 1390 2143 me
1406 2077 1429 2142 l'
1443 2078 1486 2142 ha
1501 2073 1615 2140 ordina·

410 2200 457 2256 to.
476 2189 520 2256 Di
538 2189 595 2275 piri
612 2189 647 2254 in
664 2187 821 2272 Francia,
840 2210 908 2255 non
925 2189 954 2255 si
971 2191 1015 2256 ha
1027 2213 1193 2276 speranza
1205 2194 1313 2278 (come
1328 2190 1375 2257 mi
1387 2191 1551 2272 scriuono)
1565 2189 1614 2253 che

409 2304 437 2372 si
455 2308 577 2391 puotra
604 2305 743 2383 andare,
766 2305 898 2406 'perche
925 2304 971 2370 mi
995 2305 1119 2373 dicono
1142 2318 1235 2376 stare
1258 2307 1291 2373 le
1308 2327 1389 2376 cose
1411 2307 1513 2373 molto
1532 2303 1614 2379 nale,

410 2420 514 2488 etiam
531 2421 621 2506 dopo
637 2421 669 2486 la
685 2441 770 2506 paee
786 2421 807 2486 ¹.
832 2420 956 2487 Vorrei
972 2421 1143 2488 intender'
1159 2422 1192 2488 la
1208 2422 1348 2490 volontai
1365 2423 1456 2490 della
1476 2423 1513 2488 Ρ.
1535 2420 1570 2486 V.
1588 2417 1614 2480 in

409 2545 531 2620 queste
549 2556 641 2616 cose;
660 2546 695 2602 et
709 2534 758 2600 mi
773 2556 855 2622 pare
871 2539 935 2605 che
952 2558 1023 2603 non
1039 2537 1068 2603 si
1084 2542 1154 2623 pub
1177 2559 1329 2619 scusare,
1352 2559 1457 2606 senza
1476 2537 1614 2602 inconue-

410 2651 538 2730 niente,
557 2650 591 2717 di
613 2672 683 2717 non
703 2651 885 2738 stamparsi
906 2662 1029 2738 questo
1045 2651 1143 2735 libro,
1162 2673 1260 2724 corne
1275 2656 1322 2721 ho
1338 2654 1447 2722 detto.
1471 2653 1504 2719 Io
1522 2659 1612 2734 aspet·

308 2799 314 2808 ·
409 2768 485 2832 tard
501 2767 533 2832 la
549 2765 708 2850 risposta,
727 2776 762 2833 et
778 2768 933 2834 almanco
956 2769 992 2833 in
1012 2778 1134 2853 questo
1155 2791 1270 2836 mezzo
1290 2771 1337 2834 m'
1362 2765 1529 2856 occupari>
1543 2773 1612 2828 tatto
1670 2829 1671 2862 Ξ

408 2880 445 2946 in
462 2882 573 2965 quest'
593 2901 710 2965 opera3
734 2892 769 2950 et
790 2883 927 2966 quando
949 2905 1019 2949 non
1039 2887 1159 2969 parera
1180 2884 1252 2951 cosi
1274 2885 1340 2952 alla
1357 2885 1397 2952 P.
1417 2887 1476 2965 V.,
1495 2877 1612 2948 lasciui

411 3016 499 3062 anco
511 2995 538 3060 'il
556 3005 658 3062 tutto.

479 3111 511 3175 6.
561 3111 610 3177 La
623 3111 664 3176 P.
679 3113 722 3178 V.
737 3111 785 3177 mi
801 3110 913 3179 scriue
924 3115 990 3181 che
1005 3134 1108 3199 posso
1125 3115 1268 3203 pigliare
1279 3117 1312 3182 la
1325 3135 1455 3202 opressa,
1468 3133 1523 3200 per
1533 3117 1611 3174 meet

409 3222 480 3290 mio
502 3245 711 3311 compagno‚
741 3225 822 3291 dalli
839 3225 987 3313 collegii,
1006 3230 1144 3315 quando
1164 3230 1278 3316 visito,
1297 3253 1335 3299 se
1350 3253 1411 3317 per
1427 3231 1508 3298 altra
1521 3221 1610 3290 viada

408 3340 556 3424 qualche
573 3341 707 3424 prelato
723 3362 743 3406 o
760 3342 896 3426 qualch'
916 3344 1003 3409 altra
1019 3365 1165 3431 persona
1181 3367 1251 3414 non
1266 3348 1300 3414 la
1316 3347 1459 3413 trouasi:
1477 3345 1520 3425 10,
1536 3357 1611 3404 men·
1668 3403 1669 3418 t

408 3465 462 3521 tre
477 3456 542 3520 che
570 3453 728 3534 visitaua,
747 3457 793 3521 ho
821 3453 952 3523 intesso
974 3479 1122 3545 sempre,
1148 3463 1212 3528 che
1232 3461 1459 3547 posso'viuer'
1475 3457 1507 3526 di
1520 3451 1608 3539 quello

408 3567 488 3634 delli
505 3567 642 3654 collegii
657 3569 748 3638 doue
764 3569 810 3636 mi
823 3571 1010 3655 ritrouaua,
1030 3595 1135 3641 senza
1152 3595 1290 3644 cereare
1306 3576 1457 3656 vescoui‚
1477 3592 1559 3639 come
1575 3567 1608 3630 ho

409 3683 494 3748 fatto
507 3682 609 3747 insin'
628 3684 760 3765 adesse,
779 3685 913 3754 benene
931 3690 973 3756 ne
996 3689 1042 3754 mi
1060 3692 1177 3756 hanno
1197 3691 1278 3756 dato
1299 3689 1413 3758 nisuni
1433 3677 1605 3756 vestimenti,
1667 3671 1668 3694 ¹

409 3797 452 3862 ne
483 3798 605 3864 caualii
621 3820 641 3863 a
656 3820 723 3880 me,
741 3801 785 3866 ne
813 3801 1026 3872 aXimenez.
1049 3807 1107 3872 Ma
1125 3805 1240 3872 vorrei
1260 3804 1449 3886 intendere,
1472 3797 1572 3890 poiche
1584 3794 1606 3856 la

411 3915 450 3978 P.
471 3913 514 3978 V.
535 3913 580 3976 ha
597 3923 730 3984 toccato
758 3925 881 4000 questo
908 3928 1030 4004 punto,
1049 3940 1149 3988 come
1164 3921 1210 3987 ho
1236 3920 1280 3987 da
1296 3920 1404 3988 viuer'
1422 3929 1541 3988 mentre
1558 3909 1606 3975 che
1666 3961 1667 3964 =

409 4048 480 4092 non
497 4025 610 4093 visito,
630 4029 733 4096 Insin'
749 4032 869 4099 adesso
882 4033 1064 4102 habbiamo
1077 4035 1244 4122 mangiati
1256 4035 1278 4102 li
1289 4035 1425 4117 caualli,
1440 4045 1473 4106 et
1483 4031 1531 4120 gii
1543 4041 1605 4091 s011⁰

467 4299 474 4329 ¹
514 4295 664 4365 Quidnam
684 4297 721 4352 de
743 4300 797 4354 hac
817 4317 889 4372 pace
907 4299 1100 4372 judicaretur,
1119 4302 1245 4360 candide
1262 4303 1372 4360 fatetur
1388 4302 1544 4364 Castum.
1556 4291 1607 4347 dum

411 4385 485 4438 baec
500 4383 613 4438 scribit:
630 4385 675 4440 «A
689 4387 717 4441 la
730 4387 770 4442 fin
784 4389 845 4443 l'on
858 4390 976 4445 conelut
989 4391 1018 4446 la
1030 4392 1097 4463 paix
1111 4409 1184 4448 avec
1197 4395 1226 4448 le
1238 4392 1339 4466 prinee
1351 4391 1390 4448 de
1402 4390 1506 4456 conde,
1524 4377 1607 4440 i'fldffli·

411 4471 454 4526 rai
469 4479 499 4526 et
514 4480 613 4528 autres
628 4475 782 4544 seigneurs
796 4476 875 4532 leurs
888 4477 1031 4534 associes.
1050 4481 1093 4536 Ce
1105 4481 1156 4553 qui
1169 4481 1293 4540 n'estoit
1305 4497 1357 4554 pao
1370 4480 1493 4544 munire,
1510 4491 1550 4530 w
1564 4471 1605 4523 ¹¹⁰⁰

410 4559 559 4615 accordait
574 4569 639 4616 tout
651 4579 686 4618 ce
699 4563 789 4636 qu'ils
801 4563 1020 4637 demandoient,
1036 4577 1067 4623 et
1080 4571 1234 4643 beaucoup
1246 4571 1313 4644 plus
1326 4570 1415 4643 qu’ils
1428 4572 1457 4626 n'
1468 4564 1565 4623 avaient
1572 4570 1603 4609 es·

409 4651 528 4718 pere...
550 4649 672 4706 Aucuns
682 4651 837 4724 jugeoient
852 4654 921 4710 bien
933 4673 992 4730 que
1005 4659 1032 4712 la
1046 4656 1114 4730 paix
1127 4675 1165 4715 ne
1177 4657 1309 4716 dureroit
1318 4677 1371 4734 pas
1381 4655 1603 4732 tonguemenw

409 4734 579 4802 Memora,
594 4739 648 4795 lib.
668 4735 718 4810 Vi,
733 4757 801 4814 cap.
822 4755 863 4812 Π,
879 4761 948 4816 pag.
964 4757 1029 4802 222.
