3404 5380
551 502 753 564 oocronnrs
774 505 842 574 1566
1221 505 1274 577 243

91 663 186 729 esser’
202 659 236 725 di
252 660 359 726 molto
377 659 445 726 vile
460 657 666 726 conditione.
685 657 726 724 Li
743 657 819 726 altri
834 658 891 724 doi
912 661 977 728 che
992 661 1083 726 hano
1098 659 1179 725 dato
1196 662 1313 726 traba-

95 777 168 862 glio,
179 777 305 840 scilicet
316 777 360 841 D.
376 784 411 841 et
424 777 470 842 M.
488 775 511 853 ¹,
520 772 566 838 mi
578 772 711 840 ricordo
723 775 788 842 che
798 795 927 842 venero
941 774 1061 841 tentati
1074 773 1107 840 di
1120 776 1229 840 Roma
1242 797 1310 841 non

98 913 184 977 poco.
206 891 343 958 Adesso
365 910 433 956 eon
454 890 487 956 la
506 887 618 976 gratia
637 888 694 956 del
713 888 873 976 Signore,
892 889 1066 957 essendosi
1095 899 1256 957 assettate
1279 891 1312 958 le

98 1027 166 1072 cose
184 1017 217 1074 et
237 1005 392 1092 prouisto
413 1006 446 1071 al
467 1013 570 1086 tutto,
592 1014 628 1070 et
649 1003 819 1072 visitando
843 1005 866 1070 il
893 1004 1114 1088 prouinciale‚
1140 1016 1175 1074 et
1199 1016 1311 1072 atten-

97 1123 195 1188 dendo
210 1122 242 1189 al
258 1141 427 1208 gouern0‚
446 1121 478 1187 le
494 1141 574 1188 cose
589 1121 762 1187 andarano
782 1119 920 1208 megli03
944 1131 979 1189 et
1003 1143 1070 1186 non
1094 1142 1133 1187 so
1160 1143 1198 1187 se
1221 1121 1309 1202 dica,

100 1239 207 1318 Podre‚
225 1241 291 1305 che
305 1237 330 1303 il
346 1235 506 1304 demonio
526 1235 723 1322 perseguita
743 1246 865 1320 questa
888 1236 1076 1322 prouincia,
1103 1237 1226 1319 Padre,
1251 1258 1313 1323 per

96 1355 166 1418 star'
182 1355 238 1419 nel
254 1374 372 1420 mezzo
388 1353 423 1417 d’
447 1350 664 1438 Alamagnia,
690 1361 725 1419 et
744 1352 892 1437 sperarsi
915 1361 1011 1418 tanto
1035 1353 1141 1418 frutto
1165 1373 1261 1420 corne
1284 1351 1313 1419 si

95 1489 184 1554 spera
198 1480 265 1536 ete.

154 1601 182 1649 2.
230 1585 309 1650 Atta
325 1585 369 1650 de
386 1601 441 1666 23.
460 1584 497 1648 Io
512 1603 581 1648 non
604 1583 648 1647 ho
668 1581 749 1648 dato
772 1581 886 1648 nisun'
912 1581 1030 1648 ordine
1054 1582 1167 1650 insino
1191 1584 1312 1648 adesso

101 1720 149 1783 per
163 1699 183 1762 il
198 1698 364 1785 principio
381 1697 437 1763 del
452 1695 598 1784 collegio
613 1698 656 1762 de
672 1696 783 1782 Spita,
802 1699 927 1782 perche
950 1717 1017 1762 non
1032 1717 1072 1763 so
1089 1719 1127 1763 se
1143 1719 1212 1764 non
1232 1717 1312 1764 cose

100 1813 246 1898 generali,
264 1815 353 1880 delle
368 1811 462 1899 quali
478 1833 547 1878 non
562 1833 664 1898 posso
680 1811 787 1880 venir’
811 1812 843 1878 al
864 1811 1064 1897 particolare
1083 1814 1172 1881 della
1195 1812 1312 1898 proui-

101 1929 183 1994 sione
197 1931 262 1997 che
277 1932 304 1994 s'
322 1932 368 1994 ha
384 1930 428 1994 da
443 1930 527 2008 fare,
545 1926 824 2013 principalmente
845 1930 909 1994 che
930 1926 1031 1992 insin’
1061 1928 1182 1994 adesso
1205 1931 1269 1996 che
1293 1930 1312 1995 e

104 2055 216 2109 uenuto
231 2044 255 2109 il
272 2048 312 2111 P.
331 2041 504 2130 Gregorio
521 2043 547 2124 '‚
565 2063 634 2108 non
655 2045 700 2107 ho
723 2044 869 2108 hauutto
892 2041 1108 2126 predicatore
1130 2064 1191 2128 per
1214 2064 1312 2109 man-

103 2159 185 2240 darli3
201 2171 236 2228 et
250 2169 373 2246 questo
390 2161 409 2224 ὁ
425 2157 622 2225 dimandato
637 2179 699 2244 per
715 2168 808 2223 tante
824 2157 924 2242 parti,
943 2159 1007 2223 che
1023 2179 1092 2224 non
1108 2159 1127 2224 ὁ
1141 2157 1239 2226 facile
1251 2160 1312 2226 de-

107 2275 287 2355 terminarsi;
306 2286 341 2343 et
357 2273 429 2340 cosi
445 2295 553 2359 penso
569 2294 639 2338 non
656 2270 912 2342 determinarmi
933 2271 965 2338 d'
987 2270 1171 2358 applicatio
1194 2273 1237 2339 ad
1261 2274 1312 2340 al-

102 2389 200 2454 ohuna
214 2401 309 2475 parte
325 2389 374 2454 fin
390 2391 455 2454 che
470 2387 504 2454 io
521 2387 571 2453 sia
587 2386 622 2452 in
638 2386 749 2472 Spita,
769 2388 894 2473 perche
912 2391 1013 2454 Mtr0.
1031 2385 1147 2455 Pietro
1161 2389 1230 2455 Fae
1242 2411 1311 2456 non

107 2502 124 2565 l'
138 2506 239 2571 hanno
255 2505 446 2572 rimandato
462 2504 505 2569 da
522 2501 678 2582 Polonia,
697 2515 732 2570 et
748 2501 794 2568 mi
810 2501 923 2568 scriue
941 2505 1042 2569 Mtro.
1061 2502 1188 2570 Sunier
1203 2506 1258 2568 ch'
1276 2503 1311 2569 in

107 2615 208 2685 nisuna
223 2619 374 2688 maniera
389 2617 418 2684 si
434 2620 503 2704 puo
524 2617 726 2698 rimandare,
746 2627 781 2685 et
797 2638 865 2683 non
882 2616 958 2684 dice
974 2617 1006 2682 la
1021 2638 1136 2686 causa:
1154 2616 1188 2684 io
1204 2619 1226 2683 l’
1249 2620 1312 2686 ha·
1333 2659 1338 2670 ·

110 2752 180 2798 ueua
197 2735 366 2802 destinato
387 2756 448 2819 per
468 2732 578 2819 Spita.
604 2715 632 2800 ΪΞ
654 2741 783 2800 venuto
798 2738 929 2812 tomen,
957 2743 991 2797 et
1018 2735 1038 2798 e
1065 2732 1100 2798 in
1128 2730 1262 2799 Vienna
1289 2733 1312 2798 il

111 2847 142 2911 P.
157 2849 343 2918 Strobellio.

164 2983 191 3046 3.
236 2968 376 3052 Quanto
392 2989 412 3033 a
428 2987 496 3030 vna
510 2965 553 3029 de
568 2963 680 3047 quelle
696 2961 776 3029 delli
798 2960 895 3029 dieue
915 2963 958 3028 de
986 2963 1134 3048 Agosto.
1163 2963 1313 3030 Hauerei

112 3076 227 3161 piacet,
246 3082 371 3161 Padre,
388 3082 421 3146 d¹
440 3082 557 3146 hauer'
576 3077 721 3164 risposta
736 3098 837 3162 sopra
857 3077 961 3162 quelli
980 3075 1090 3142 ordini
1114 3079 1179 3144 che
1198 3076 1314 3144 lasciui

112 3196 206 3275 perdi
224 3219 302 3281 qua,
325 3195 443 3264 auanti
466 3196 510 3262 de
532 3193 658 3280 partire
681 3193 716 3259 di
744 3203 865 3279 questa
892 3192 1078 3279 prouincia,
1110 3215 1131 3259 o
1159 3194 1313 3260 almanco

112 3311 206 3374 auanti
221 3313 262 3376 de
278 3309 430 3398 partirmi
446 3310 489 3377 de
506 3308 689 3394 Moguntia
705 3331 726 3375 ο
742 3307 895 3389 Colonia3
914 3309 1039 3393 perche
1056 3319 1146 3374 temo
1159 3310 1223 3374 che
1235 3331 1313 3394 par-

114 3420 162 3486 tito
175 3423 215 3507 io,
231 3428 261 3494 le
276 3449 357 3494 cose
374 3446 443 3491 non
459 3424 487 3492 si
508 3423 651 3504 mutin0,
670 3422 912 3509 specialmente
928 3422 963 3487 in
984 3433 1105 3508 questa
1125 3423 1311 3508 prouincia,

113 3555 194 3608 come
208 3540 262 3628 giu
276 3545 322 3608 ho
337 3519 576 3607 incominciato
592 3561 612 3604 a
628 3538 753 3606 uedere
765 3539 799 3604 in
813 3548 933 3622 questo
946 3558 1031 3623 poco
1045 3550 1159 3623 tempo
1172 3541 1236 3606 che
1252 3559 1314 3604 son

118 3661 187 3718 stato
201 3656 292 3723 fuora
307 3657 352 3725 de
367 3654 480 3740 questi
496 3652 644 3739 collegij.
668 3653 736 3720 All'
760 3653 845 3718 altra
864 3643 908 3717 d'e
934 3672 984 3731 10,
1011 3675 1070 3738 per
1097 3651 1313 3734 comissione,

116 3783 168 3832 con
181 3768 209 3835 la
222 3771 308 3852 lists,
326 3793 397 3837 non
412 3769 480 3836 cie
500 3771 564 3836 che
579 3767 782 3853 risponder’,
800 3767 920 3853 poiche
936 3769 956 3834 ὸ
973 3767 1056 3834 fatta
1071 3767 1129 3854 gii
1148 3769 1180 3833 la
1199 3767 1316 3852 proui-

120 3878 205 3968 sione,
223 3897 256 3954 et
271 3907 355 3954 sono
372 3884 481 3972 gionti
504 3905 572 3969 qua
594 3882 618 3948 li
638 3905 660 3949 x
686 3881 805 3962 nostri,
824 3903 921 3948 come
937 3905 997 3968 per
1012 3887 1071 3948 un'
1089 3883 1174 3948 altra
1190 3884 1318 3948 haueru

36 3989 37 4014 ¹
120 3993 190 4064 usto
204 4001 243 4066 V.
263 4004 302 4068 P.

170 4131 197 4196 4.
240 4117 317 4183 Alta
336 4117 380 4184 de
401 4133 455 4198 24.
479 4115 526 4182 Se
545 4124 667 4198 questa
686 4112 806 4180 hauesi
823 4123 1001 4181 receuutto
1021 4112 1054 4179 io
1078 4113 1114 4179 in
1138 4114 1314 4194 Bohemia,

121 4241 203 4304 penso
216 4241 246 4295 et
261 4232 362 4298 credo
377 4232 444 4297 che
458 4227 547 4298 sarei
559 4228 684 4296 andato
697 4251 718 4294 a
732 4227 883 4309 Polonia;
898 4249 955 4294 ma
966 4228 1089 4295 adesso
1101 4251 1161 4314 per
1175 4228 1318 4296 essermi

121 4337 283 4412 alontanato
299 4356 407 4428 tanto,
425 4365 533 4431 penso
548 4343 583 4410 di
599 4341 762 4431 seguitur’
781 4343 814 4409 la
830 4340 896 4410 mia
912 4341 968 4410 via
983 4364 1044 4428 per
1056 4355 1177 4428 queste
1190 4343 1313 4425 bonde,

125 4461 279 4527 conediro
293 4461 398 4548 dipoi.
417 4461 552 4546 Questo
568 4458 645 4525 dico
664 4459 789 4547 perche
809 4459 842 4524 la
864 4461 903 4526 P.
935 4460 978 4525 V.
1006 4457 1052 4524 mi
1079 4457 1198 4527 timete
1222 4481 1242 4525 a
1266 4481 1320 4526 me

126 4603 292 4630 ᾕ-ι

170 4705 178 4738 ¹
208 4709 314 4766 Durius
326 4717 358 4765 et
370 4704 513 4764 Martinus
525 4701 755 4769 Stevordianus.
891 4707 903 4740 ¹
940 4705 975 4762 P.
989 4705 1151 4778 Gregorius
1164 4707 1321 4763 Rosrffius
