3456 5386
620 521 650 564 11
671 509 748 577 usp
769 509 838 580 1566
1248 511 1298 568 123

137 683 227 749 regno
238 662 310 727 Dei.
328 662 386 728 Ha
400 661 499 730 detto
517 661 768 748 publicamente
783 663 815 729 al
831 661 1053 730 arciuescouo
1069 664 1113 730 de
1128 663 1334 752 Saltzburgo

136 788 234 864 queste
245 777 367 862 parole:
389 778 446 844 «Io
461 798 551 865 poco
564 777 736 846 differisco
749 777 794 845 da
805 777 862 844 uoi
879 777 967 859 altri,
981 776 1175 867 imperoehe
1191 789 1289 848 sento
1300 781 1333 850 la

136 913 240 974 messa,
255 893 386 960 benche
406 915 511 962 senza
531 914 679 961 canone:
701 892 882 960 comunico
901 894 963 960 sub
982 900 1129 981 utraque
1144 896 1266 981 specie:
1286 895 1332 962 ri-

137 1021 220 1094 tengo
233 1010 262 1075 le
275 1007 430 1094 imagini:
448 1009 560 1077 saccio
576 1011 705 1076 cantar'
723 1007 747 1074 li
763 1007 865 1076 officii
881 1007 1002 1090 diuini,
1021 1029 1175 1096 vespero,
1193 1008 1334 1077 matuti-

133 1144 188 1190 no»
202 1132 261 1192 etc.

186 1257 212 1306 2.
254 1241 339 1310 ΠΡ.
364 1239 504 1308 Canisio
524 1250 560 1310 et
579 1239 612 1307 io
635 1238 818 1308 habbiamo
845 1239 983 1307 uisitato
998 1238 1021 1305 il
1041 1241 1146 1306 Rmo.'
1163 1239 1332 1306 saltzbur-

131 1373 228 1441 gense‚
244 1354 266 1420 il
281 1357 382 1440 quale
397 1355 430 1422 ci
445 1357 492 1422 ha
507 1355 594 1422 fatto
609 1377 696 1442 gran
713 1353 943 1442 accoglienza,
961 1365 998 1421 et
1012 1355 1232 1422 trattenutoei
1244 1354 1331 1424 assai

130 1469 281 1537 dioendoci
295 1471 339 1540 de
359 1471 465 1538 molte
484 1491 565 1539 cose
584 1481 651 1538 etc.
669 1471 749 1538 Co'l
764 1473 861 1538 Rmo.
881 1491 1117 1537 cameracense
1133 1472 1140 1504 ¹
1159 1470 1332 1538 trattiamo

129 1585 213 1651 molto
227 1585 497 1669 familiarmente,
508 1594 542 1652 et
555 1584 587 1650 ci
598 1584 762 1652 dimostra
778 1587 899 1674 grand'
917 1584 1096 1667 affettion’,
1110 1585 1332 1664 comunican-

129 1699 164 1764 do
176 1719 232 1767 con
248 1701 302 1767 noi
318 1703 352 1770 le
367 1721 449 1769 cose
464 1721 539 1769 sue.
557 1700 585 1766 ss
600 1709 690 1768 tutto
705 1699 756 1768 sia
771 1723 792 1768 a
807 1699 966 1788 maggior
981 1701 1090 1788 gloria
1110 1701 1198 1767 della
1214 1699 1332 1768 diuina

129 1815 223 1882 bonta.

182 1949 209 2013 3.
253 1931 278 1996 Il
292 1933 333 2001 P.
348 1931 512 2018 vanegas
523 1930 536 1963 ²
548 1931 568 1996 e
579 1929 728 1997 arriuato
739 1951 819 2016 qua,
831 1952 919 1998 sono
928 1941 1049 2018 quatro
1062 1953 1082 1997 0
1094 1931 1192 1998 cinco
1204 1929 1328 2018 giomi,

128 2055 155 2108 et
167 2043 240 2113 hier'
257 2047 279 2110 l'
297 2047 385 2112 altro
400 2047 422 2112 l'
441 2044 622 2112 habbiamo
637 2046 799 2113 mandato
816 2067 836 2112 a
851 2045 1008 2132 Dilinga,
1026 2045 1185 2113 accioehe
1200 2045 1224 2112 li
1239 2039 1347 2131 possi

127 2171 272 2244 aspettare
286 2162 319 2227 al
336 2163 376 2228 Ρ.
396 2161 575 2241 Ledesma,
593 2170 628 2229 et
644 2162 760 2227 andar'
775 2161 916 2230 insieme
928 2181 993 2228 con
1005 2160 1053 2227 lui
1066 2183 1085 2228 a
1098 2163 1217 2241 Roma,
1232 2181 1330 2228 come

128 2277 187 2341 sna
200 2275 289 2342 finita
304 2277 338 2344 la
352 2276 457 2359 dieta,
475 2279 540 2344 ohe
556 2279 631 2342 sara
647 2286 775 2362 presto.
793 2278 831 2344 In
847 2287 971 2363 questo
987 2297 1104 2345 mezzo
1119 2279 1242 2363 puotra
1253 2275 1330 2343 aiu-

130 2393 176 2455 tars
191 2412 210 2457 a
224 2391 282 2456 iar'
300 2393 439 2459 alchuni
452 2392 543 2459 uersi
554 2413 615 2478 per
627 2394 659 2459 la
672 2392 961 2478 representatione
976 2393 1055 2460 dell’
1071 2391 1209 2478 Euripo,
1225 2393 1288 2459 che
1300 2390 1329 2458 si

128 2507 184 2572 fari
200 2507 221 2572 li
239 2506 373 2574 dinanzi
392 2507 449 2575 alli
471 2507 559 2576 Rmi.
572 2517 589 2551 ²
605 2510 732 2596 legam,
756 2517 963 2594 augustano,
985 2519 1020 2574 et
1041 2507 1168 2575 nuncio
1184 2509 1195 2541 ³
1217 2518 1284 2574 etc.
1303 2509 1330 2574 Il

128 2617 229 2703 giorno
243 2632 350 2690 stesso
362 2625 427 2692 che
439 2622 553 2692 amiud
564 2624 609 2706 la,
623 2625 698 2690 fece
710 2622 847 2690 alchuni
861 2622 1026 2710 epigrami
1038 2623 1093 2690 all’
1112 2623 1326 2709 imperatore,

129 2735 249 2805 nuno.
268 2739 310 2808 de
326 2740 503 2826 Augusta,
520 2739 576 2808 all’
594 2739 706 2807 Illmo.
729 2739 856 2826 legato,
875 2748 910 2806 et
925 2739 957 2805 al
973 2741 1081 2806 ducca
1105 2739 1148 2806 de
1169 2738 1326 2821 Bauiera,

130 2849 176 2914 etb
189 2851 209 2916 li
223 2855 365 2921 hauemo
380 2864 545 2922 mostrato
561 2854 593 2920 al
608 2865 816 2940 augustam,
830 2863 865 2920 et
880 2852 904 2918 li
920 2863 1128 2921 contentano
1143 2853 1259 2920 molto.

184 2985 211 3049 4
253 2967 318 3036 Gia
332 2973 380 3036 ho
394 2970 499 3036 serito
515 2992 535 3037 a
552 2972 595 3037 V.
615 2972 656 3037 P.
675 2990 772 3038 come
789 2969 915 3036 uoleuo
929 2969 1081 3036 mandar'
1095 2968 1127 3035 al
1143 2971 1203 3035 Dr.
1224 2967 1331 3036 Paiua

130 3077 353 3171 inPortogallo
367 3108 415 3151 vn
430 3083 519 3151 libro
535 3087 601 3154 che
616 3087 660 3152 ha
676 3083 779 3152 serito
791 3083 980 3164 Kemnisio,
991 3105 1054 3152 suo
1069 3085 1195 3163 emole,
1210 3093 1330 3150 eontra

130 3193 148 3256 ii
161 3196 297 3279 concilio,
316 3200 555 3286 respondendo
568 3211 582 3244 c
598 3223 619 3267 a
634 3201 747 3286 quello
763 3202 829 3269 che
853 3198 960 3266 Paiua
976 3199 1080 3268 scrise
1096 3198 1264 3266 contradi
1280 3199 1329 3266 lui

130 3307 158 3372 in
169 3310 344 3380 defension’
362 3315 451 3380 della
466 3313 680 3401 Compagnia
692 3315 717 3382 ⁴.
735 3315 762 3380 Il
774 3316 873 3381 Rmo.
891 3334 1129 3382 cameracense
1142 3313 1172 3379 ei
1188 3316 1233 3380 ha
1245 3315 1331 3381 fatto

129 3421 256 3493 instanza
271 3431 347 3510 che,
365 3451 426 3515 per
441 3439 563 3514 questo
578 3427 713 3498 interim
730 3432 795 3498 che
813 3429 920 3496 Paiua
935 3428 1096 3515 risponde
1112 3429 1157 3494 ad
1172 3430 1328 3516 longum,

130 3537 267 3609 faeciarno
282 3543 427 3630 qualche
444 3545 549 3612 breue
563 3545 725 3631 risposta,
744 3543 919 3632 pigliando
940 3543 1077 3610 alchuni
1093 3543 1200 3609 buoni
1215 3544 1325 3630 punti;

130 3663 156 3717 et
168 3677 225 3722 non
247 3659 505 3746 puotendoglilo
524 3663 657 3747 negar',
675 3660 857 3727 habbiamo
873 3658 1099 3730 determinato
1110 3658 1144 3724 di
1157 3659 1330 3726 mandarlo

130 3767 154 3832 al
166 3771 199 3838 P.
216 3773 291 3841 Pisa
307 3775 373 3841 che
388 3773 474 3862 pigli
490 3775 512 3840 l'
530 3786 705 3862 assumpto
717 3775 745 3843 ἃ.

131 3889 457 4015 Ἧκῐίρςετιι
477 3943 579 4014 Rm,
597 3943 710 3999 Natalis
727 3951 826 3999 autem
844 3943 1014 4000 emendavit
1035 3943 1177 4001 Rmi.-b
1191 3942 1331 4016 Sequitur

128 4023 201 4100 hoggi
214 4031 400 4087 obliteratum
416 4049 434 4086 a
451 4031 571 4087 tibr.-c
592 4032 731 4105 Sequitur
748 4033 841 4088 etiam
862 4032 994 4090 deletum
1011 4050 1029 4088 a
1046 4033 1217 4090 libe-⁶111
1236 4049 1328 4104 marg.

128 4110 223 4172 Polmci
235 4136 321 4176 manu
332 4121 407 4177 haec
419 4122 579 4178 habentur:
598 4121 725 4177 Trattisi
736 4123 773 4178 da
785 4139 847 4178 cose
860 4121 958 4178 simili
970 4137 1024 4178 con
1037 4122 1102 4178 Sua
1116 4123 1251 4178 Santitri.

168 4269 174 4300 ¹
206 4269 419 4327 Maximilianus
431 4271 469 4327 de
482 4272 620 4327 Walhain
633 4273 775 4344 (Bergis).
796 4273 873 4329 Vide
886 4273 990 4347 Epist.
1003 4273 1122 4345 Nalad,
1135 4271 1254 4347 11,309.

164 4359 172 4388 ¹
205 4357 276 4414 Vide
289 4359 378 4432 epist.
391 4358 457 4430 382,
470 4377 503 4415 n.
523 4373 568 4416 ιο.
587 4361 620 4417 Ρ.
635 4361 758 4418 ΜίοὴεὸΙ
772 4361 921 4434 vanegas,
939 4362 1078 4434 egregius
1095 4365 1205 4433 rhetor,
1221 4361 1333 4435 dequo

129 4443 224 4516 saepius
236 4446 346 4504 dictum
360 4457 407 4504 eat
419 4447 451 4504 in
464 4451 527 4505 vol.
545 4450 586 4505 11.

163 4529 173 4564 ⁸
203 4533 339 4607 Legatos,
350 4545 415 4594 erat
424 4537 672 4608 Commendonus;
683 4540 838 4613 episcopus
848 4549 1042 4612 augustanus,
1052 4540 1208 4598 cardinalis
1218 4541 1329 4597 Truch·

128 4632 175 4676 tus
185 4621 217 4678 de
230 4625 383 4698 Walburg3
397 4627 531 4697 nuntius,
544 4629 685 4685 Melchior
697 4645 797 4686 comes
810 4628 916 4702 Biglia.

167 4713 178 4745 ⁸
209 4713 280 4770 Vide
293 4715 382 4790 epist.
395 4715 462 4787 382,
475 4735 509 4775 n.
528 4729 574 4774 ιο.
