3414 5374
566 511 602 568 29
620 498 805 554 Decurrems
826 507 893 567 1575
1249 508 1305 567 707

125 647 209 718 riine.
226 650 271 718 Mi
287 652 438 736 stomaro
454 671 519 717 con
535 649 568 716 la
584 649 694 740 gratia
709 649 764 716 del
780 647 906 736 Signor
923 647 1035 718 chela
1051 670 1133 716 cosa
1153 647 1181 714 si
1203 649 1340 736 negocii

126 765 296 852 almiglior
315 769 379 833 che
403 763 431 832 si
447 787 559 852 possa,
584 787 653 832 non
679 764 817 830 fidendo
838 763 874 830 di
894 762 962 830 mio
989 764 1150 851 giudicio.
1175 765 1286 851 Spero
1303 765 1340 830 in

127 890 240 966 questa
254 880 522 968 congregatione
537 881 613 968 (che
629 899 725 948 come
740 882 840 965 sapra
853 880 885 948 la
901 883 941 947 Ρ.
966 881 1009 947 V.
1034 880 1062 946 si
1078 882 1150 949 farai
1171 880 1207 946 in
1223 883 1340 966 Ispruc

137 1018 153 1062 a
169 1013 202 1062 12
217 995 250 1061 di
265 997 438 1081 Gennaro)
455 997 499 1063 da
514 1018 596 1064 vero
611 994 841 1062 communicer
857 1017 922 1061 con
942 994 991 1082 gli
1011 995 1114 1062 Padri
1133 997 1197 1062 che
1217 995 1263 1061 mi
1279 1017 1353 1083 pa-.
1458 1011 1459 1016 ’

137 1133 266 1178 reranno
279 1110 339 1198 piir
365 1112 398 1178 al
420 1110 607 1198 proposito,
629 1120 664 1178 et
684 1109 806 1198 pigliar
825 1111 953 1197 alguna
970 1109 1191 1194 resolutione;
1215 1111 1340 1198 perche

127 1247 266 1294 -saranno
284 1240 412 1296 venute
434 1229 467 1297 le
486 1248 630 1296 censure
650 1227 782 1296 delDr.
806 1228 930 1294 Torres
946 1238 981 1293 et
995 1230 1057 1295 Dr.
1075 1227 1246 1314 Gregorio
1267 1230 1289 1311 ¹3
1306 1249 1341 1295 e.

133 1341 181 1410 del
191 1353 275 1409 tutto
286 1341 430 1410 scriuirb
442 1343 508 1410 alla
524 1345 564 1410 Ρ.
583 1344 631 1409 V.
654 1341 727 1410 Ella
742 1341 837 1429 sappi
854 1345 917 1410 che
933 1343 988 1409 dal
1005 1342 1072 1408 mio
1088 1351 1189 1410 canto
1210 1365 1280 1410 non
1296 1345 1341 1410 ho

124 1473 270 1526 ‘vemnna
285 1457 505 1526 inclinatione
521 1461 584 1525 che
600 1457 632 1524 10
647 1477 733 1552 cosa
746 1457 857 1524 vadda
872 1457 908 1523 in
923 1458 1011 1538 luce,
1026 1458 1098 1556 ansi
1111 1458 1169 1544 piu
1183 1468 1274 1526 tosto
1286 1482 1342 1528 re·

135 1571 230 1658 fugio,
247 1595 301 1640 ma
318 1574 431 1658 quello
446 1577 511 1641 che
534 1576 580 1640 ho
604 1573 709 1648 serito
732 1583 748 1616 ⁸
767 1594 788 1639 a
804 1574 844 1638 V.
864 1576 903 1639 P..
929 1574 975 1640 ho
991 1574 1075 1640 10110
1098 1575 1342 1659 101001111οωί0

133 1707 191 1752 non
205 1710 339 1755 mancat
354 1711 375 1754 a
387 1687 500 1774 quello
516 1691 580 1756 che
596 1690 689 1773 10100
704 1687 813 1775 potria
828 1709 920 1778 esser
935 1688 1063 1770 debit03
1082 1699 1116 1756 et
1136 1690 1212 1756 cusi
1226 1711 1263 1758 se
1279 1712 1341 1775 pa-

134 1801 205 1868 ressi
218 1806 282 1872 che
298 1802 327 1870 si
342 1803 567 1890 sopprimesse
583 1813 673 1870 tutto
691 1803 720 1884 ¹³,
737 1804 781 1870 da
797 1824 852 1872 me
867 1802 1006 1870 sentiria
1022 1803 1146 1889 piacer.
1170 1804 1195 1870 11
1212 1805 1340 1890 Signor

135 1915 218 2001 guidi
232 1919 255 1984 il
272 1930 362 1986 tutto
378 1941 398 1985 a
425 1919 582 2006 maggior
608 1917 716 2006 gloria
735 1918 770 1984 di
792 1939 856 1985 sua
883 1917 1000 1984 diuina
1020 1920 1104 1986 Mtit.
1128 1921 1164 1986 Io
1180 1919 1226 1985 mi
1241 1930 1342 1987 trouo

129 2029 223 2112 bene,
237 2046 271 2101 et
286 2035 421 2120 miglior
433 2033 490 2122 (mi
506 2035 597 2120 pare)
610 2036 676 2103 che
691 2032 713 2098 l'
726 2055 816 2100 anno
831 2043 968 2119 passato
985 2033 1018 2100 in
1036 2045 1158 2120 questo
1175 2044 1289 2121 tempo
1313 2047 1339 2102 ⁰.

137 2147 326 2216 Benedictus
342 2152 449 2218 Deus,
468 2150 493 2217 Il
511 2153 552 2217 P.
570 2149 709 2217 Rotario
724 2149 781 2235 gii
798 2149 904 2235 aigun
921 2159 1033 2236 tempo
1048 2160 1101 2215 sta
1121 2149 1157 2215 in
1178 2152 1341 2219 conuale-

135 2264 261 2342 scentia,
277 2276 311 2333 et
324 2287 422 2332 come
433 2264 457 2330 il
470 2266 538 2332 mal
549 2266 569 2332 0
580 2274 669 2332 stato
681 2265 785 2332 molto
798 2265 941 2350 grande,
950 2265 1025 2331 cusi
1037 2266 1241 2332 conualesce
1252 2287 1342 2352 poco

134 2399 242 2464 apoco
257 2381 281 2446 ’.
305 2380 374 2448 Α111
395 2381 504 2448 sancti
531 2380 689 2448 sacrificii
715 2391 750 2447 et
773 2378 916 2448 orationi
944 2381 1032 2446 della
1049 2383 1088 2447 Ρ.
1108 2381 1151 2448 V.
1182 2379 1228 2446 mi
1252 2381 1343 2448 rico-

134 2497 243 2562 mando
259 2498 302 2563 de
316 2518 421 2565 cuore
436 2505 471 2564 et
494 2495 572 2564 delli
590 2495 692 2563 Padri
716 2494 887 2563 assistenti
911 2505 946 2563 et
967 2495 1078 2562 Padre
1102 2495 1296 2563 secretario.
1316 2496 1342 2562 Il
1435 2485 1436 2490 ¹

126 2608 247 2696 Signor
259 2611 435 2698 augmenti
451 2633 586 2697 sempre
601 2611 649 2698 gli
664 2611 715 2677 soi
730 2609 819 2677 santi
835 2609 915 2677 doni
933 2611 1020 2678 nella
1037 2613 1077 2677 Ρ.
1093 2612 1136 2679 V.
1152 2634 1172 2678 a
1185 2611 1343 2698 maggior

134 2723 230 2808 gloria
245 2727 279 2792 di
295 2747 358 2793 sua
373 2726 489 2794 diuina
505 2727 587 2796 Mra.
603 2737 638 2794 et
651 2727 781 2814 magior
792 2727 859 2794 ben
871 2726 959 2792 della
971 2727 1197 2814 Compagnia.
1212 2729 1339 2810 Amen.

136 2838 173 2904 Di
187 2841 283 2922 Hala,
303 2861 346 2930 29
361 2843 405 2909 de
420 2845 611 2912 Decembre
630 2843 714 2927 1576
730 2843 754 2909 ³.
773 2845 817 2910 D.
838 2845 877 2908 Ρ.
894 2843 936 2909 V.
956 2863 1057 2911 seruo
1071 2841 1108 2908 in
1123 2842 1201 2924 X.⁰‚

933 2967 955 3053 1
978 2969 1117 3144 Negti·
1142 2967 1166 3054 †

190 3191 369 3277 inscriptio
382 3194 420 3258 iu
432 3197 556 3278 quarta
567 3192 714 3278 pagina,
730 3191 801 3256 olio
817 3189 970 3276 manrr.·†
987 3189 1182 3255 Admodum
1200 3190 1286 3256 Rdo.
1305 3189 1340 3256 in

123 3303 225 3372 ‘Chro
245 3307 338 3373 Patri
353 3318 469 3374 nostro
486 3308 525 3374 P.
547 3307 721 3372 Euerardo
743 3303 957 3372 Mercuriano
977 3303 1340 3390 praeposito'generali

129 3417 403 3510 SocietatisJesv.
425 3424 558 3490 Romae
577 3423 659 3490 Alia
676 3443 792 3487 manu:
810 3424 849 3488 Ρ.
868 3419 1000 3488 Natale.
1018 3419 1063 3487 Di
1085 3420 1184 3486 Hala.
1204 3423 1236 3488 A
1257 3420 1280 3486 li
1298 3439 1340 3508 29

123 3533 162 3599 ni
175 3537 361 3606 Decembre
380 3539 475 3622 1576.
495 3539 601 3604 Intus.
620 3537 739 3624 Sigilli
753 3537 949 3632 vestigium.

135 3675 321 3691 Q..-

179 3754 195 3786 2
220 3743 339 3800 3verba
352 3761 432 3817 seqq.
448 3759 535 3815 supra
548 3759 628 3798 vers.
644 3741 756 3797 addidit
772 3741 864 3795 N,..o
878 3742 942 3796 Hoc
959 3741 1042 3796 verb.
1061 3757 1147 3812 supra
1166 3756 1243 3795 vers.
1261 3737 1342 3794 addi·

123 3827 171 3884 ulit
182 3831 274 3888 N,..c
285 3847 302 3888 2
314 3831 405 3887 verba
418 3847 499 3903 seqq.
513 3847 600 3902 supra
612 3847 690 3884 vers.
704 3827 816 3885 addidit
833 3829 869 3884 N.

181 4009 188 4040 ¹
224 4011 298 4066 Vide
312 4010 397 4083 epist.
411 4009 474 4079 5843
488 4017 518 4064 et
531 4007 596 4078 586.
849 4011 860 4042 ²
897 4006 972 4061 Vide
986 4006 1072 4078 epist.
1087 4006 1149 4074 587;
1163 4012 1194 4060 et
1207 4017 1270 4074 592.

67 4160 75 4176 ι
179 4097 189 4132 ³
224 4097 272 4156 Sic
281 4099 311 4154 in
321 4099 511 4170 aulographo,
521 4098 590 4173 quia
599 4097 631 4154 P.
643 4095 735 4152 Nadal
744 4095 813 4152 anni
826 4096 893 4166 1576
903 4093 1018 4151 initium
1028 4094 1112 4150 duxit
1124 4094 1282 4166 aproximo
1294 4093 1343 4150 die

133 4179 291 4242 Natiuitatis
306 4187 433 4258 Domini,
448 4185 608 4242 secundum
626 4185 867 4240 consuetudinem
881 4183 911 4238 in
924 4181 1070 4256 aliquibus
1083 4182 1259 4238 Germaniae
1271 4182 1344 4237 locis

122 4287 163 4326 ·eo
173 4281 299 4349 tempore
317 4284 496 4348 usurpatam.
515 4275 561 4332 Cf.
581 4275 649 4330 Mes
667 4274 799 4343 Luem,
822 4272 930 4328 Tresor
942 4274 978 4328 de
997 4271 1197 4344 chronologia,
1216 4287 1287 4343 pag.
1310 4269 1344 4325 18

120 4369 159 4416 *et
170 4379 251 4437 seqq.
