3456 5386
420 497 457 552 90
807 482 912 538 Errsr.
932 479 967 536 P.
986 477 1190 550 Nauae-384

447 633 643 716 Caeterum,
662 645 700 701 ut
721 632 879 702 catholici
896 643 1006 702 status
1021 631 1058 699 in
1073 633 1139 700 hoc
1154 629 1295 719 negotio
1315 630 1443 700 rectius
1461 630 1624 700 instrua-

380 757 448 828 tur,
466 735 668 818 illud'etiam
684 759 789 835 atque
803 748 907 816 etiarn
922 745 1099 816 catholicis
1119 746 1241 833 ijsdem
1256 746 1497 814 inculcandum
1512 745 1621 818 vide-

383 872 455 944 tur,
486 875 639 934 sanctam
669 864 785 932 sedem
814 863 1032 951 apostolicam
1060 864 1149 932 ferre
1176 861 1313 948 quidem
1341 862 1493 930 dolenter
1519 863 1620 930 hanc

381 977 626 1046 catholicorum
649 979 685 1046 in
708 977 894 1049 Germania
920 976 1077 1046 iniuriam
1102 989 1137 1047 et
1160 977 1409 1058 necessitatem,
1435 976 1546 1061 utqui
1563 978 1618 1043 ob

381 1092 540 1180 vigentes
556 1115 648 1161 nunc
664 1097 824 1163 haereses
836 1092 1058 1178 exequutioni
1070 1092 1152 1160 iuris
1168 1093 1212 1160 ad
1223 1102 1358 1178 tempus
1369 1093 1505 1174 cedere,
1519 1093 1616 1160 mul-

382 1217 485 1293 taque
500 1230 520 1277 a
535 1209 691 1296 sectarijs
705 1207 849 1296 indigna
861 1209 949 1277 serre
961 1219 1143 1294 cogantur,
1160 1209 1269 1276 donec
1281 1206 1439 1274 nimirum
1451 1205 1618 1274 Christus

377 1324 481 1410 Jesus
496 1322 630 1390 illorum
645 1323 737 1392 vires
753 1335 893 1410 augeat,
910 1322 1036 1408 quibus
1046 1322 1102 1390 ius
1112 1344 1213 1391 suum
1225 1344 1286 1410 pro
1297 1321 1465 1408 dignitate
1480 1321 1619 1409 possint

381 1437 552 1525 persequi3
570 1461 635 1506 nec
652 1449 766 1510 tamen
782 1438 909 1506 idcirco
929 1440 973 1506 ab
996 1439 1115 1507 eadem
1137 1460 1277 1506 romana
1296 1437 1440 1506 ecclesia
1460 1437 1614 1523 probari,

291 1539 298 1552 ⁴
382 1552 546 1639 quicquid
569 1554 605 1622 in
628 1554 682 1621 his
705 1555 897 1624 recessibus
919 1565 1032 1623 actum
1056 1563 1124 1636 est,
1143 1541 1345 1639 nec'pacem
1366 1555 1455 1620 hanc
1474 1551 1617 1640 publice

382 1665 603 1736 constitutam
619 1672 760 1740 laudari.
781 1672 952 1742 Permittit
968 1670 1102 1740 interim
1118 1691 1183 1739 nec
1198 1669 1355 1756 impedit,
1373 1691 1435 1756 pro
1456 1679 1614 1740 materna

381 1803 444 1848 sua
459 1781 495 1849 in
511 1783 600 1852 filios
611 1785 837 1874 indulgentia,
853 1787 945 1872 quod
956 1784 1125 1873 principes
1136 1783 1295 1852 catholici
1307 1781 1502 1852 huiusmodi
1514 1783 1613 1870 pacis

380 1896 593 1969 conditiones
623 1901 820 1986 admittant,
853 1902 1075 1984 confirment,
1103 1911 1139 1966 et
1165 1899 1367 1980 obseruent,
1397 1899 1533 1985 quando
1560 1899 1609 1966 illi

383 2015 486 2082 rebus
497 2016 704 2087 Germaniae
717 2027 785 2085 tarn
798 2017 944 2098 afflictis,
955 2027 990 2085 et
1002 2017 1173 2103 praesenti
1184 2013 1391 2095 necessitati,
1401 2017 1465 2080 hac
1478 2013 1610 2082 ratione

382 2131 630 2198 consulendum
645 2151 721 2200 esse
736 2132 954 2200 arbitrantur.

451 2245 642 2325 Postremo,
661 2267 773 2332 neque
788 2267 866 2313 curn
882 2245 983 2313 dictis
998 2245 1221 2333 principibus,
1239 2265 1352 2330 neque
1366 2265 1446 2310 curn
1462 2245 1505 2312 N.
1529 2246 1551 2326 ¹,
1571 2243 1608 2312 in

382 2359 448 2423 hac
463 2379 567 2426 causa
582 2359 701 2428 durius
716 2360 852 2428 videtur
868 2362 1052 2448 agendum,
1070 2361 1179 2427 donec
1195 2358 1428 2428 sanctisimus
1449 2358 1622 2428 dominus

382 2483 498 2540 noster
513 2472 622 2559 primo
638 2494 776 2560 quoque
791 2489 944 2562 tempore
959 2477 1169 2558 consulatur;
1187 2497 1298 2560 eoque
1310 2475 1455 2544 maxime
1467 2475 1611 2544 consilia

381 2586 573 2674 dirigenda,
589 2599 627 2655 ut
639 2589 773 2660 interim
796 2591 908 2657 mv
927 2590 1100 2658 tridentini
1116 2589 1248 2677 concilij
1262 2590 1468 2659 mentionem
1479 2601 1514 2658 et
1527 2613 1611 2676 pro·
1722 2645 1723 2674 ,

381 2701 563 2771 sessionem
579 2703 614 2770 in
630 2702 704 2790 ipso
720 2726 858 2774 recessu
873 2705 1000 2772 diserte
1016 2704 1064 2772 illi
1083 2705 1314 2792 interponant,
1332 2704 1422 2772 sicut
1437 2715 1490 2774 est
1505 2727 1610 2792 supra

379 2816 523 2900 dictum3
537 2829 609 2895 aut,
624 2819 730 2888 sihoc
743 2822 831 2889 torte
848 2831 996 2906 nequeat
1011 2820 1168 2901 obtineri,
1183 2831 1222 2886 ut
1232 2819 1348 2907 ijdem,
1366 2817 1400 2886 in
1416 2840 1609 2908 congrega·
1721 2911 1722 2914 Ἴ

382 2931 473 2999 tione
488 2931 692 3020 principum,
707 2937 771 3002 hac
787 2933 861 3022 ipsa
876 2937 919 3005 de
934 2959 972 3006 re
983 2947 1132 3004 mentem
1146 2957 1242 3004 suam
1254 2935 1440 3017 declarent,
1454 2935 1608 3021 publice·
1721 2955 1722 2958 ’

380 3067 447 3131 que
463 3059 642 3117 testentur.
660 3051 764 3136 Quod
779 3072 898 3119 eorum
913 3051 1157 3132 testimonium,
1175 3051 1212 3118 in
1228 3062 1304 3118 acta
1320 3049 1450 3130 referri,
1465 3061 1500 3120 et
1515 3051 1606 3138 apud

381 3172 536 3248 posteros
552 3164 667 3234 ualere
683 3165 807 3251 poterit
823 3166 1016 3253 aliquand0,
1036 3167 1172 3234 Christo
1188 3165 1382 3233 auxiliante.

447 3278 544 3344 Haec
564 3299 585 3344 a
605 3279 704 3347 nobis
723 3279 814 3347 dicta
834 3280 918 3362 sint,
942 3293 978 3351 et
1005 3280 1159 3350 subiecta
1187 3289 1394 3361 reuerenter,
1420 3281 1458 3350 S.
1479 3279 1607 3348 domini

381 3391 488 3458 nostri
507 3403 542 3458 et
564 3393 602 3463 S.
624 3393 724 3463 Sedis
744 3395 967 3482 apostolicae,
989 3395 1209 3481 omniumque
1232 3396 1358 3464 rectius
1373 3393 1606 3477 sentientium,

380 3503 519 3575 iudici0.
1412 3517 1416 3530 '

379 3621 817 3693 Hrsaonrnuanracrs.
844 3627 993 3694 Parrus
1020 3627 1208 3696 Cnnrsrus.
1229 3629 1390 3716 Jacoaus
1417 3629 1602 3697 Leoasun.

446 3807 570 3878 mr.
726 3899 731 3910 Ι
971 3813 1005 3877 Β

933 3937 1034 4025 Jhus.

424 4085 696 4136 nesronsronss
714 4089 854 4138 naeuus
876 4089 960 4138 stne
981 4089 1216 4139 acconensis
1240 4092 1287 4139 nn
1309 4089 1562 4151 Qunnsrrones

763 4205 924 4266 nrrouor
942 4205 1224 4266 suasaourruras

853 4329 951 4374 eumn
970 4329 1130 4384 Qunnsrro

444 4429 515 4511 An,
538 4451 600 4516 per
622 4431 919 4502 confirmationem
940 4454 1096 4503 recessus
1128 4433 1209 4500 anni
1241 4450 1336 4520 1555,
1358 4435 1394 4501 in
1422 4435 1608 4504 uniuersali
1716 4417 1717 4436 ¹

378 4587 576 4596 -.-—-————

431 4675 441 4710 ¹
477 4675 541 4732 Hac
554 4677 652 4734 littera
665 4678 722 4752 N.,
735 4681 827 4737 hicet
840 4681 926 4756 inira,
938 4699 1088 4740 caesarem
1100 4683 1223 4740 indicari
1236 4682 1452 4740 existimamus.
