3384 5382
534 447 535 456 ἵ
584 505 617 546 ιο
635 491 799 550 Ocaonms
820 492 888 562 1567
1256 493 1308 565 535

106 640 340 708 laudamento
355 663 438 729 para
462 661 531 728 que
552 663 590 711 se
613 643 808 730 amplifique
831 645 861 713 el
886 644 1003 712 diuino
1025 645 1172 730 seruieio
1195 648 1238 715 de
1261 647 1346 714 Dios

105 755 147 820 Ν.
164 757 220 836 S.,
238 763 261 823 a
279 778 373 845 cuya
391 759 572 845 Magestad
588 757 721 846 suplico
737 780 800 826 nos
815 761 858 827 de
874 762 906 828 la
922 761 1136 847 abundanpia
1151 763 1196 832 de
1211 783 1271 830 sus
1291 763 1340 828 di·

106 869 204 938 uinos
220 872 355 955 donee,
373 895 458 961 para
474 879 548 940 mas
570 877 837 959 perfectamente
857 875 1011 946 seruirle.
1032 871 1089 944 De
1109 879 1229 960 Roma,
1255 901 1277 966 9
1300 881 1344 947 de

106 986 244 1053 Otubre
261 989 313 1055 de
333 989 430 1073 1567.
448 991 491 1056 D.
512 990 556 1055 V.
576 990 617 1055 R.
636 989 750 1057 sieruo
765 1013 810 1058 en
826 989 904 1072 X.⁰,

943 1107 1162 1176 Finsmsco.

168 1217 369 1304 Inscriptio
385 1221 423 1284 in
440 1225 566 1306 quarta
577 1222 726 1306 pagina:
742 1220 764 1307 ἦ·
781 1221 827 1287 ΑΙ
843 1222 948 1288 molto
961 1222 1048 1289 Rd0.
1063 1221 1098 1289 in
1111 1225 1202 1310 Xp0.
1218 1226 1342 1307 Padre,

103 1330 123 1395 il
141 1334 182 1398 P.
195 1333 422 1400 Hieronimo
438 1335 552 1416 Natal,
570 1333 727 1401 visitator
742 1335 831 1404 nelle
847 1336 1018 1422 prouintie
1037 1337 1073 1404 di
1094 1339 1288 1426 Alemagna
1309 1353 1344 1408 et

104 1447 263 1529 Francia,
278 1449 372 1516 della
385 1449 602 1536 Compagnia
613 1449 648 1516 di
660 1448 781 1530 Giesd,
795 1449 831 1518 in
844 1451 1014 1533 Anuersa‚
1029 1454 1152 1522 odoue
1164 1453 1192 1520 si
1206 1465 1341 1522 truoua.

104 1562 212 1628 :itanu
228 1566 281 1631 P.
297 1565 467 1652 Jime'nez:
483 1564 505 1652 †
523 1567 567 1632 N.
587 1567 629 1632 P.
647 1565 727 1653 deo
748 1566 792 1633 de
817 1567 964 1636 Otubre.
988 1567 1069 1634 ΙΨ
1093 1573 1112 1635 i
1140 1587 1180 1651 14
1202 1571 1245 1638 de
1269 1571 1343 1639 He-

105 1675 201 1744 brero
222 1681 326 1763 1568.
346 1682 433 1746 R.¹³.
449 1679 569 1746 Manet
584 1681 770 1767 vestigium
792 1682 916 1768 sigilli.

445 1972 486 2041 Ρ.
513 1968 823 2046 ΗιΕιῑοΝΥΜυε
845 1955 1010 2044 annai

363 2086 547 2146 SANCTO
573 2088 834 2148 FRANCISCO
859 2091 917 2145 DE
942 2089 1088 2162 BORJA

451 2199 666 2258 ausvanema,
682 2199 716 2242 ιο
728 2199 881 2243 ocuoams
897 2187 965 2258 1567
978 2193 1000 2243 ¹.

106 2309 128 2348 1·
144 2296 280 2356 lovanio
293 2300 496 2372 Anlverpiam
508 2319 538 2359 se
551 2302 680 2376 conferi:
694 2304 769 2358 daos
782 2304 892 2360 Patres
904 2304 1045 2376 hispanos
1051 2306 1200 2376 postulat:
1209 2307 1344 2362 rationes

135 2389 238 2457 plures
259 2391 301 2445 nd
317 2390 353 2445 id
370 2384 564 2447 obtinendum
587 2391 762 2464 afferte-2.
782 2393 898 2463 Quales
916 2393 1041 2449 demant
1060 2411 1119 2450 esse
1137 2395 1188 2450 illi
1208 2398 1343 2468 operarii

138 2477 307 2548 exponite
312 2493 338 2550 3.
359 2479 417 2535 Uli
428 2480 552 2537 debeant
564 2481 781 2550 habitare-4.
789 2481 929 2554 Jimenea
941 2482 1050 2538 melius
1061 2500 1091 2538 se
1102 2483 1197 2540 habet.

174 2613 202 2662 1.
253 2597 276 2687 's
293 2600 378 2684 Muy
395 2597 482 2665 Rd0.
502 2599 543 2663 Ρ.
562 2599 606 2665 N.
625 2620 669 2666 en
686 2599 751 2664 X.⁰
766 2601 838 2664 Pax
851 2599 907 2666 Xl
927 2601 981 2667 De
993 2600 1170 2685 Louayna,
1185 2602 1342 2668 dexando

112 2703 140 2772 ia
155 2711 262 2778 meior
277 2715 310 2782 el
328 2716 369 2780 P.
387 2711 568 2796 Ximenez,
587 2712 712 2780 venido
729 2719 750 2782 lt
765 2723 838 2782 esta
853 2713 994 2793 ciudad,
1013 2714 1102 2781 halle
1118 2715 1169 2782 las
1184 2735 1282 2783 cosas
1297 2719 1341 2783 de

113 2831 179 2890 ona
192 2849 334 2898 manera
349 2849 416 2915 que
432 2849 596 2914 pensaua.
616 2829 652 2895 Io
676 2849 827 2914 pensaua
848 2849 916 2914 que
936 2840 1029 2897 estos
1050 2839 1190 2898 senores
1212 2837 1340 2899 starian

112 2945 397 3012 ansi⁸contentos
412 2944 469 3012 del
486 2946 526 3009 P.
545 2943 730 3029 Claysonio
742 2945 767 3024 ¹,
787 2965 854 3030 que
870 2944 903 3010 ia
923 2966 968 3011 no
989 2946 1238 3015 demandassen
1259 2969 1337 3034 pre·

113 3051 242 3126 dicador
253 3060 388 3146 spafiol.
403 3059 434 3125 Y
447 3080 493 3124 no
504 3079 543 3125 es
558 3064 645 3138 ansi,
663 3080 793 3145 porque
809 3061 971 3144 ahunque
986 3065 1063 3127 stem
1080 3071 1263 3130 contentos
1283 3063 1339 3129 del

112 3167 147 3234 Ρ.
162 3173 348 3261 Claysonio
364 3195 427 3261 por
442 3177 589 3254 frances,
608 3176 702 3240 nolo
723 3181 800 3242 stin
820 3183 890 3262 po?
906 3176 1045 3262 spanol,
1062 3198 1125 3262 por
1147 3181 1290 3244 muchas
1315 3201 1338 3264 y

109 3277 296 3300 Ἢ----.--

155 3330 171 3364 ⁸
196 3324 261 3380 Hoc
273 3326 359 3392 verb.
373 3341 461 3397 supra
474 3341 552 3379 vers.
567 3321 679 3380 addidit
692 3325 729 3380 N.

113 3413 296 3440 x——--

113 3465 168 3509 rum
181 3469 446 3531 monumentorum,
460 3476 536 3534 quae
550 3458 579 3515 in
592 3461 711 3516 archivo
724 3459 857 3532 ejusdem
878 3459 1013 3516 ducissae
1030 3467 1230 3515 asservantur.
1249 3459 1336 3514 Plura

114 3553 175 3598 mss.
185 3545 386 3622 fotograpbice
399 3567 539 3622 expressa
549 3548 659 3604 ibidem
672 3550 860 3605 exhibentur.
872 3550 964 3604 Multa
974 3545 1125 3603 addacem
1136 3547 1173 3602 de
1185 3549 1261 3602 Alba
1271 3565 1336 3620 spe·

117 3635 214 3690 cantia
226 3638 337 3694 ibidem
349 3639 546 3710 reperiuntur,
561 3639 639 3694 inter
650 3656 725 3711 quae
738 3643 816 3712 (pag.
834 3644 896 3707 149)
915 3639 971 3694 sub
989 3655 1018 3692 n.
1036 3637 1097 3707 167,
1121 3637 1255 3692 habetur:
1271 3637 1336 3692 «Τι’-

119 3721 171 3776 tulo
183 3725 218 3782 de
227 3727 353 3800 Capitan
362 3729 483 3799 general
492 3727 541 3783 del
554 3728 675 3798 ejercito
688 3727 810 3783 reunido
823 3745 892 3801 para
904 3745 990 3800 pasar
1002 3731 1019 3783 i
1032 3729 1055 3782 F
1057 3726 1170 3796 landes,
1193 3727 1269 3782 dado
1282 3744 1336 3799 por

119 3805 208 3884 Felipe
217 3818 245 3872 11
254 3835 292 3874 en
305 3817 389 3872 favor
397 3817 445 3874 del
459 3819 568 3889 Daque
581 3819 617 3872 de
630 3816 880 3886 Alba-Maurici,
894 3830 925 3872 21
941 3817 977 3872 de
992 3817 1076 3873 Abril
1090 3815 1127 3872 de
1143 3815 1241 3886 1567.»

166 3901 171 3931 ¹
208 3907 250 3961 Ex
263 3909 456 3979 autographo,
470 3907 502 3963 in
515 3907 612 3978 Epist.
627 3907 745 3972 Noial„
759 3908 799 3978 11,
809 3906 918 3978 duplici
931 3906 995 3976 foi,
1009 3906 1043 3976 87
1061 3907 1128 3976 (25).
1147 3908 1332 3978 Exemplum,

120 3989 186 4046 unde
206 3996 279 4052 hanc
301 3996 457 4068 epistolam
470 3995 699 4068 desumpsimuS,
717 4004 786 4052 sunt
807 3996 975 4052 adversaria
994 4012 1061 4051 cum
1079 3994 1167 4050 variis
1185 3994 1281 4050 lituris
1304 4003 1334 4050 et

116 4083 359 4142 emendationibus
372 4085 487 4158 abipso
500 4085 597 4142 Natali
610 4084 708 4158 factis,
722 4085 787 4141 sine
799 4085 1026 4157 subscriptione,
1041 4102 1097 4140 nec
1108 4084 1236 4155 vestigio
1248 4085 1332 4155 sigil-

116 4161 142 4216 li·
154 4168 232 4231 Unde
246 4177 374 4231 alterum
387 4175 554 4247 exemplum
567 4173 705 4242 nitidum,
719 4183 750 4229 et
766 4192 784 4229 a
797 4175 894 4230 Natali
908 4173 1119 4246 subscriptum,
1130 4174 1255 4244 Borgiae
1266 4173 1334 4227 mis·

116 4267 170 4312 Sum
181 4259 270 4320 fuisse
289 4263 412 4330 eruitur,
431 4262 511 4336 quod
527 4264 646 4337 quidem
664 4264 789 4336 periisse
809 4265 935 4319 videtur.
956 4265 1091 4335 Quanam
1109 4280 1180 4317 vero
1197 4262 1257 4332 die,
1274 4279 1334 4334 quo

117 4357 202 4406 mense
214 4351 283 4409 data
296 4353 387 4408 fuerit
398 4353 471 4408 haec
485 4352 620 4426 epistola,
634 4370 693 4408 non
706 4362 832 4408 constat.
848 4354 892 4407 Ex
905 4355 995 4407 rebus
1007 4359 1105 4407 autem
1120 4353 1150 4407 in
1160 4369 1196 4406 ea
1212 4359 1332 4406 conten·

118 4430 157 4500 ¹5⁸,
169 4419 230 4496 cuni
241 4441 488 4514 praecedentibus
502 4450 532 4498 et
542 4444 736 4515 sequentibus
750 4441 856 4498 litteris
866 4441 992 4512 collatis,
1003 4449 1033 4496 et
1043 4440 1215 4513 praesentim
1225 4456 1262 4495 ex
1273 4437 1333 4512 epi·

121 4525 313 4602 stolaeorgiae
325 4533 383 4587 sub
395 4549 425 4587 n.
439 4544 493 4600 5⁰⁰
502 4531 609 4604 posita,
622 4548 698 4604 quae
714 4531 783 4586 huic
800 4531 978 4604 respondere
996 4529 1124 4598 videtur,
1142 4532 1254 4586 nullum
1271 4529 1336 4584 iere

122 4607 227 4674 dubium
239 4627 373 4676 remanet
385 4621 456 4693 quin
469 4620 517 4676 die
533 4633 566 4674 10
579 4620 718 4678 Octobris
728 4619 794 4675 data
808 4619 908 4675 fuerit.
923 4619 999 4676 Vide
1012 4621 1100 4692 epist.
1115 4632 1177 4688 500,
1190 4637 1220 4674 n.
1238 4630 1262 4673 1.

162 4707 172 4738 ¹
206 4709 364 4781 Robertua,
378 4709 464 4782 cujus
476 4727 601 4764 examen
615 4709 645 4765 in
659 4710 756 4781 Epist.
771 4709 890 4782 Nalad,
905 4710 943 4780 11,
957 4709 1021 4782 581,
1031 4708 1186 4765 edidimus.
