3318 5376
507 489 540 530 12
559 477 745 533 Dncnnnnrs
766 478 835 548 1566
1193 479 1248 554 339

92 648 225 712 speranza
238 629 299 692 che
313 626 338 692 il
354 626 501 714 Signore
518 626 649 695 aiutara
670 651 690 695 a
709 638 831 714 questo
848 627 1005 716 collegio,
1024 640 1059 697 et
1073 634 1139 701 che
1154 637 1231 700 sara
1247 633 1284 701 di

94 761 159 826 gran
173 741 276 824 nutto,
293 752 328 809 et
348 744 526 810 mettendo
549 743 592 810 da
612 753 714 810 canto
733 744 845 829 quello
866 745 931 813 che
946 745 966 811 ὲ
981 745 1187 833 principale,
1206 747 1280 816 cioe

92 859 177 923 thes
191 857 362 925 habbiamo
378 879 399 924 a
413 851 586 927 confidere
602 858 658 928 nel
678 857 836 945 Signore.
855 860 1027 929 Hauendo
1043 863 1128 928 fatta
1148 863 1181 930 la
1202 863 1281 930 dili-

95 993 177 1056 genza
190 973 247 1038 che
260 971 288 1039 si
303 972 393 1041 deue
408 971 445 1039 in
461 973 632 1054 fundarlo,
651 993 731 1060 pare
752 976 815 1040 che
835 973 868 1041 ci
887 973 937 1041 sia
954 975 1110 1062 raggion’
1128 980 1280 1048 humana

93 1089 140 1153 che
152 1086 241 1169 aiuta,
257 1089 383 1174 perche
397 1087 426 1155 si
442 1089 530 1157 vede
546 1088 611 1156 alla
625 1087 740 1155 chiara
752 1091 816 1158 che
831 1111 900 1155 non
916 1089 946 1156 si
958 1092 1026 1177 pud
1038 1111 1243 1160 conseruare
1257 1094 1281 1160 il

93 1205 244 1287 temporale
254 1203 298 1271 de
309 1202 424 1288 quella
435 1202 551 1271 chiesa
562 1213 597 1269 et
609 1213 711 1284 stato,
722 1224 759 1271 se
770 1225 839 1270 non
851 1203 881 1270 si
892 1225 1057 1272 conserua
1068 1207 1101 1273 la
1113 1207 1280 1293 religione

91 1315 116 1382 in
129 1316 201 1398 tutti,
219 1327 251 1385 et
271 1317 515 1402 specialmente
530 1317 611 1386 nelli
631 1316 867 1399 ecclesiastici,
885 1319 918 1384 la
933 1320 1034 1405 quale
1055 1320 1135 1386 tutti
1155 1321 1279 1388 dicano

87 1435 136 1500 che
155 1453 214 1498 non
238 1431 267 1499 si
290 1432 360 1518 pud
382 1453 591 1502 conseruare
613 1453 716 1500 senza
739 1434 854 1500 schole
877 1444 911 1500 et
935 1433 1140 1522 predicatori
1157 1439 1277 1504 catho-

88 1547 138 1626 lici,
151 1558 219 1629 etc.;
236 1557 271 1614 et
287 1569 308 1614 a
324 1557 447 1632 questo
462 1547 491 1613 si
508 1549 659 1635 prouede
675 1570 737 1636 per
751 1567 869 1614 mezzo
890 1549 978 1616 della
993 1549 1225 1637 Compagnia,
1244 1562 1278 1620 et

87 1663 172 1728 oonsi
186 1664 268 1732 uode
283 1663 372 1730 altro
388 1685 517 1730 mezzo.
536 1664 580 1729 Et
596 1663 667 1730 cosi
687 1685 809 1731 sarano
829 1663 967 1730 sforzati
983 1685 1003 1729 a
1024 1685 1229 1735 conseruare
1245 1669 1278 1734 la

86 1779 273 1865 Compagnia,
291 1787 328 1846 et
341 1787 567 1865 augmentare
582 1777 606 1843 il
622 1778 779 1865 collegio;
794 1792 829 1847 et
846 1781 884 1844 in
896 1799 1030 1846 omnam
1042 1786 1211 1861 oneratum,
1226 1782 1278 1848 al-

87 1915 176 1959 manco
186 1897 211 1960 s'
224 1897 353 1961 hauera
364 1903 500 1978 questo,
514 1897 578 1962 che
590 1904 770 1979 puotremo
783 1897 900 1962 hauer’
916 1896 948 1961 la
959 1916 1005 1960 vn
1017 1894 1198 1982 collegieto
1210 1917 1277 1964 con

87 2007 241 2076 larendita
266 2008 326 2078 del
351 2009 560 2077 monasterio
591 2008 772 2095 applicato.
798 2011 835 2076 lo
860 2012 906 2075 ho
933 2009 1075 2076 lasciato
1096 2010 1216 2078 ordine
1244 2013 1276 2078 al

88 2124 115 2187 P.
130 2124 211 2190 lltro.
230 2122 372 2192 Canisio
382 2124 438 2190 del
454 2124 555 2190 modo
567 2143 664 2190 corne
679 2124 723 2190 ha
734 2125 779 2190 da
790 2123 896 2190 finirsi
908 2125 931 2188 l'
945 2123 1173 2191 instrumento
1186 2127 1275 2196 della

86 2237 229 2306 donatione
244 2239 302 2308 del
318 2260 483 2320 vescouo,
497 2249 533 2305 et
544 2259 642 2307 corne
653 2240 697 2305 ha
713 2237 747 2304 di
759 2238 920 2324 expedire
932 2239 1003 2307 Sua
1015 2239 1102 2308 Sria.
1118 2241 1151 2307 le
1159 2241 1273 2308 solen-

86 2349 134 2417 nita
145 2375 161 2418 o
173 2353 272 2434 bulle,
293 2375 332 2421 se
347 2374 471 2422 sarano
481 2363 498 2397 ⁸
508 2352 699 2422 necessarie
710 2373 771 2438 per
783 2352 883 2440 piena
895 2351 1120 2440 applicatione
1132 2355 1188 2423 del
1200 2357 1274 2422 col-

85 2465 158 2550 legin
172 2470 293 2554 perche
308 2471 354 2536 ha
368 2469 413 2534 da
430 2470 535 2535 esser’
554 2489 619 2534 con
634 2466 683 2533 lui
699 2467 722 2532 il
738 2466 940 2535 cancellario
955 2478 1077 2553 questo
1098 2469 1223 2539 Natale
1236 2469 1273 2536 in

86 2583 207 2668 Angusta
218 2606 239 2652 o
250 2584 405 2672 Dilinga:
420 2585 469 2650 lui
482 2583 528 2649 mi
540 2583 712 2652 aduertira
723 2582 758 2648 di
771 2582 884 2667 quello
896 2585 960 2650 che
972 2581 1000 2648 si
1014 2585 1096 2651 fara.
1113 2585 1162 2652 la
1174 2585 1272 2674 copia

85 2695 140 2763 delli
159 2699 248 2786 primi
274 2699 375 2786 punti
403 2700 467 2768 che
490 2698 766 2765 s’·accordorono
789 2698 856 2764 co’l
883 2697 1087 2765 cancellario
1103 2702 1180 2767 sara
1203 2721 1271 2768 con

87 2825 181 2892 questa:
207 2814 229 2880 l'
246 2816 334 2882 altra
357 2814 455 2900 copia
482 2813 571 2880 della
598 2811 781 2880 donatione
803 2812 859 2879 del
879 2833 1028 2879 vescouo
1054 2813 1217 2881 mandari
1246 2813 1271 2881 il

89 2929 114 2992 Ρ.
127 2931 208 2996 lltro.
231 2930 388 2998 Canisio.

132 3061 156 3128 7.
195 3049 244 3114 Da
260 3044 503 3131 Aschemburg
518 3042 615 3111 scrisi
631 3043 697 3109 alla
713 3044 753 3109 P.
773 3044 816 3109 V.
836 3063 932 3108 come
948 3065 1017 3110 non
1038 3044 1066 3111 si
1082 3045 1188 3130 puote
1203 3044 1268 3112 int-

87 3158 169 3240 petire
187 3163 245 3228 che
259 3159 379 3227 andasi
395 3161 496 3226 Mtro.
524 3158 640 3226 Pietro
662 3157 857 3225 coloniense
876 3158 899 3239 ¹,
917 3179 977 3245 per
1000 3158 1211 3245 predicatore
1234 3161 1267 3228 al

86 3271 162 3341 droca
168 3276 284 3343 Herico
294 3277 339 3344 de
349 3273 538 3343 Bransuich
549 3275 575 3354 ³,
585 3273 777 3341 hauendolo
788 3272 812 3337 li
824 3273 932 3339 nostri
943 3295 1117 3359 promesso
1129 3286 1165 3343 et
1177 3277 1264 3344 fatto

86 3387 210 3456 terirelal
229 3411 295 3457 con
319 3389 400 3456 tutti
422 3389 447 3456 li
467 3389 542 3456 suoi
565 3386 691 3469 scritti,
709 3397 775 3455 etc.
794 3389 874 3454 Non
894 3387 941 3452 mi
960 3409 1066 3474 parue
1089 3389 1159 3458 sare
1179 3391 1265 3460 altra

84 3520 148 3582 cosa,
159 3525 190 3572 se
202 3528 267 3574 non
281 3506 457 3574 moderare
471 3513 594 3589 questa
609 3501 787 3584 missione,
805 3514 839 3570 et
859 3502 1047 3570 assicurare
1062 3504 1094 3570 la
1110 3505 1263 3591 Compa-

88 3617 151 3698 gnia3
165 3631 193 3687 et
210 3623 279 3690 cosi
297 3619 462 3691 dicesimo
482 3619 515 3686 al
537 3618 772 3699 arciuescouo,
790 3621 854 3686 che
870 3639 915 3685 ua
934 3617 970 3684 in
989 3617 1209 3704 probatione,
1228 3631 1263 3689 et

87 3731 131 3797 che
142 3757 196 3802 non
209 3739 227 3804 e
239 3739 328 3804 della
342 3733 569 3822 Compagnia,
587 3745 622 3802 et
637 3734 710 3800 cosi
721 3736 766 3800 ha
780 3734 824 3800 da
835 3732 975 3800 scriuer’
990 3734 1022 3800 al
1033 3734 1154 3814 ducca,
1172 3746 1207 3801 et
1218 3758 1263 3803 va

87 3847 118 3909 ad
128 3853 232 3936 terrrpro
246 3851 356 3920 insino
372 3875 392 3919 a
407 3851 499 3937 dopo
514 3851 547 3916 la
566 3851 708 3936 pascha,
726 3869 791 3914 con
811 3841 1030 3916 instruttione
1050 3851 1225 3920 conforme
1240 3873 1261 3917 a

88 3963 169 4041 quelo
181 3969 236 4036 che
249 3965 417 4036 conuiene
431 3988 453 4033 a
471 3964 532 4045 lui,
550 3985 616 4031 con
630 3964 663 4029 la
686 3961 929 4031 circunstantia
949 3963 1006 4032 del
1026 3963 1102 4030 loco
1121 3973 1156 4031 et
1171 3966 1261 4034 della

90 4097 253 4119 ‘'Q--n—

122 4175 133 4207 ἃ
153 4169 325 4228 Emendatum
338 4189 355 4228 a
369 4170 439 4228 libr.
458 4187 496 4226 ex
509 4169 643 4224 essendo.

88 4263 237 4286 κ-

123 4317 128 4347 *
156 4317 243 4377 Petrus
255 4323 366 4396 Haupt.
381 4319 458 4377 Vide
471 4318 535 4392 eJus
549 4334 673 4372 examen
685 4315 716 4372 in
729 4316 826 4388 Epist.
841 4317 959 4390 Natat„
970 4317 1010 4390 11,
1025 4317 1091 4388 576.

120 4405 128 4434 ¹
155 4405 186 4461 Ni
204 4407 330 4481 fallimur,
347 4425 444 4468 sermo
466 4415 512 4465 est
533 4406 571 4463 de
592 4404 722 4461 Henrico
739 4404 814 4460 duce
827 4406 1256 4480 brunsviwguelpherbytano

83 4485 543 4570 (Bnunsehweig-wottenbottel)‚
556 4510 615 4551 non
632 4501 731 4549 autem
743 4492 781 4549 de
793 4493 879 4548 Erico
895 4491 971 4550 duce
989 4494 1257 4552 hroderico-calen-

87 4571 198 4648 bergam,
210 4585 277 4644 Vide
286 4587 374 4662 epist.
390 4585 471 4643 Petri
484 4585 593 4657 Haupt,
607 4581 705 4638 datam
718 4579 932 4654 Wolfenbtttel,
945 4594 962 4654 7
975 4583 1071 4640 Martii
1086 4583 1166 4658 1567,
1179 4584 1257 4658 apud
1330 4653 1333 4660 ‚

88 4659 196 4741 rann,
207 4674 488 4747 meramnum,
501 4690 591 4748 orca·
610 4669 739 4744 soar&
