3322 5376
573 489 607 548 14
624 481 706 552 Juen
727 482 796 551 1567
1203 438 1255 555 5or

83 625 189 708 fruito,
205 637 240 696 et
254 629 276 694 ὲ
290 638 383 696 stato
398 631 511 716 quello
526 633 592 701 che
606 633 651 699 ha
667 652 732 698 con
748 635 779 700 la
795 634 906 721 gratia
920 635 976 702 del
992 634 1139 722 Signore
1154 653 1295 703 corner-

83 751 153 808 uata
177 744 289 828 quella
310 755 400 814 terra
420 747 510 814 nella
530 749 607 816 fede
629 747 795 816 catholica
815 761 934 817 contra
955 749 979 817 il
1001 747 1200 818 caluinismo
1223 761 1240 794 ἃ
1258 749 1295 817 in

82 857 175 943 quelli
189 859 341 927 tumulti.
357 861 500 930 Diceme
517 884 582 930 vna
601 881 682 931 cosa
698 874 819 949 questo
835 861 958 934 Padre:
975 868 1042 933 che
1057 865 1228 934 lasciando
1244 866 1293 934 lui

83 974 213 1056 lacura,
230 985 265 1042 et
280 973 481 1044 ritornando
497 978 552 1043 all'
575 978 762 1046 obedienza
777 978 947 1048 ordinaria
961 982 1049 1049 della
1065 981 1290 1068 Compagnia,

82 1088 332 1160 desiderarebbe
359 1093 484 1161 andare
510 1115 557 1160 vn
583 1114 673 1179 poco
699 1115 719 1161 a
745 1095 865 1176 Roma,
888 1118 948 1182 per
968 1095 1088 1179 rifarsi,
1113 1117 1135 1162 0
1153 1095 1290 1163 veroin
1352 1123 1355 1131 ·

80 1205 129 1270 ru'
142 1205 227 1273 altra
242 1207 430 1292 prouincia,
446 1208 607 1276 accioche
623 1209 716 1295 dipoi
737 1231 802 1277 con
817 1210 997 1299 maggiore
1012 1211 1131 1278 liberti
1148 1222 1183 1278 et
1199 1211 1291 1278 lorze

79 1320 201 1405 puotesi
216 1323 384 1392 ritornare
403 1345 423 1390 a
443 1327 515 1392 fare
536 1325 642 1392 frutto
660 1325 697 1392 in
717 1335 850 1411 questa,
873 1327 961 1395 nella
981 1327 1081 1412 quale
1100 1328 1290 1414 puotrebbe

76 1440 170 1503 etser'
187 1459 233 1504 vn
248 1439 342 1505 buon
358 1439 572 1525 predicatore
588 1440 758 1508 ordinario
773 1439 809 1507 in
824 1442 1032 1529 flamengho,
1051 1453 1086 1510 et
1102 1444 1173 1511 lare
1184 1443 1289 1509 molto

78 1551 185 1634 irutto,
202 1555 336 1622 benche
351 1554 398 1621 mi
413 1554 489 1622 dice
508 1577 578 1622 non
593 1559 696 1624 esser'
715 1557 822 1623 molto
838 1557 1000 1624 inclinato
1015 1579 1035 1623 a
1055 1557 1181 1624 sentire
1204 1577 1288 1624 con-

79 1665 218 1749 fessioni,
234 1678 270 1735 et
286 1669 307 1736 ἑ
322 1671 484 1755 alquanto
499 1672 712 1759 scrupuloso;
730 1693 786 1738 ma
802 1670 847 1737 mi
863 1693 943 1759 pare
959 1675 1023 1741 che
1039 1675 1083 1740 ha
1098 1675 1192 1740 buon
1207 1672 1288 1760 giu-

80 1779 157 1849 dicio
171 1785 311 1871 alioqui,
325 1797 361 1853 ct
377 1788 441 1854 che
456 1807 517 1874 per
533 1797 647 1874 tempo
662 1788 851 1874 puotrehbe
866 1787 967 1855 etiam
988 1809 1080 1857 esser
1100 1786 1284 1874 superiore.

136 1917 167 1981 4.
215 1902 314 1970 Della
329 1901 529 1971 fundatione
543 1903 599 1970 del
619 1903 764 1990 collegio
783 1903 827 1972 de
847 1903 957 1990 Liegi,
984 1903 1172 1970 trattasimo
1198 1893 1287 1972 bene

79 2010 125 2079 col
138 2035 288 2084 vescouo
308 2019 330 2097 ¹,
347 2019 505 2086 vehendo
520 2019 563 2085 da
580 2017 712 2086 Treuiri
729 2021 815 2086 Mro.
840 2019 983 2086 Costero
994 2026 1029 2085 et
1049 2018 1094 2100 i0;
1117 2029 1152 2086 et
1173 2036 1285 2088 venne

79 2127 252 2198 ilrescouo
267 2133 312 2200 ad
328 2133 473 2200 offerirci
493 2151 577 2201 1200
593 2133 712 2216 talleri,
734 2144 770 2202 et
789 2136 855 2202 che
882 2134 1069 2220 compraria
1092 2143 1185 2200 certe
1207 2153 1285 2201 case

78 2265 130 2329 per
143 2257 256 2314 nostra
272 2247 495 2330 habitatione,
514 2247 654 2318 farehbe
667 2249 701 2317 le
717 2249 869 2331 schuole,
885 2258 919 2318 et
931 2249 1079 2316 darehbe
1090 2270 1158 2315 vna
1168 2247 1284 2315 chiesa

76 2361 132 2428 che
147 2373 197 2428 sta
212 2383 357 2449 appreso
373 2365 405 2430 la
420 2385 511 2445 casa,
528 2377 564 2430 et
580 2385 648 2430 non
664 2364 868 2432 dimandaua
884 2387 921 2432 se
937 2384 1005 2430 non
1021 2363 1202 2450 rhetorica,
1216 2365 1284 2428 hu-

78 2477 226 2560 molat,
237 2479 471 2565 grammatica,
481 2489 516 2546 et
529 2499 645 2566 grew,
655 2480 803 2547 secondo
815 2481 954 2548 solemo:
965 2479 1149 2546 intendeua
1158 2483 1282 2560 tamen,

78 2594 132 2658 che
145 2595 291 2662 secondo
306 2595 339 2660 la
350 2595 598 2663 consuetudine
613 2606 741 2678 nostra,
755 2616 858 2662 senza
869 2593 1088 2681 obligatione,
1102 2596 1283 2662 haueuano

78 2714 213 2791 aesser',
227 2709 450 2796 predicatore,
465 2721 500 2778 et
514 2710 658 2796 qualche
675 2731 743 2777 uno
759 2712 823 2778 che
838 2709 970 2797 leggcsi
986 2709 1042 2778 alli
1058 2709 1153 2797 preti.
1166 2709 1281 2796 Dipoi,

78 2827 200 2905 quando
215 2825 248 2892 io
264 2824 403 2892 ritornai
416 2846 476 2911 per
490 2825 525 2891 di
540 2825 586 2908 ld,
601 2826 756 2893 venendo
771 2848 792 2892 a
805 2835 926 2910 questo
942 2826 1047 2906 sonte,
1066 2823 1176 2892 trouai
1192 2835 1283 2892 tutto

78 2935 97 3002 il
110 2940 241 3026 negotio
258 2941 468 3028 perturbato,
487 2941 632 3009 volendo
647 2940 671 3006 il
690 2961 841 3009 vescouo
856 2942 920 3008 che
935 2940 1073 3007 stasimo
1089 2962 1154 3006 con
1170 2941 1193 3007 li
1213 2943 1282 3008 fra-

78 3051 124 3135 tri,
139 3055 243 3122 chesi
261 3055 399 3138 dicono,
421 3057 488 3122 che·
505 3075 590 3122 sono
610 3055 723 3124 lettori
743 3075 867 3122 ancora
890 3055 962 3122 loro
984 3054 1019 3120 di
1046 3055 1278 3141 grammatica,

77 3171 219 3238 restando
230 3173 303 3238 loro
315 3171 372 3239 nel
384 3191 447 3237 suo
459 3191 546 3258 gran
557 3173 632 3238 loco
642 3174 707 3238 che
719 3173 848 3252 hannn,
863 3181 898 3239 et
908 3171 965 3236 noi
977 3169 1011 3236 di
1025 3171 1121 3237 fuora
1134 3170 1169 3236 in
1180 3172 1280 3238 luoco

76 3286 164 3352 molto
178 3285 288 3373 picolo
309 3285 501 3367 etmisero,
523 3297 559 3352 et
579 3288 643 3355 che
665 3285 830 3373 legesimo
853 3285 910 3352 noi
932 3286 965 3354 le
987 3285 1102 3352 schole
1125 3286 1279 3372 superio-

75 3397 99 3463 ri
120 3412 194 3483 etc,
212 3413 247 3470 et
263 3403 336 3468 loro
351 3401 383 3469 le
398 3401 560 3468 inferiori.
579 3403 622 3467 Et
637 3421 736 3487 sopra
752 3401 786 3467 di
806 3401 859 3467 eid
875 3399 921 3467 mi
937 3420 1118 3488 proposero
1141 3399 1165 3464 li
1185 3399 1278 3486 capi·

75 3513 135 3596 toli,
150 3537 169 3584 o
183 3516 383 3598 conditioni,
402 3517 433 3584 la
448 3516 504 3582 cui
520 3517 619 3603 copia
639 3516 714 3584 sari
736 3537 801 3583 con
828 3526 959 3602 questa.
983 3517 1016 3583 A
1036 3537 1091 3583 me
1110 3514 1279 3601 parendo-

76 3631 124 3712 mi,
139 3633 249 3699 subito
265 3633 322 3698 ch'
344 3630 453 3700 intese
472 3632 506 3696 la
525 3651 617 3712 cosa,
641 3651 732 3700 esser
755 3632 859 3697 molto
885 3629 1144 3698 estraordinaria
1168 3639 1203 3696 et
1225 3629 1279 3694 di-

76 3757 157 3814 costo
176 3759 191 3792 ⁶
211 3749 268 3815 dal
291 3760 408 3816 nostro
430 3750 545 3830 modo,
570 3748 634 3815 disi
657 3747 765 3834 prima
785 3748 817 3814 al
837 3768 985 3813 vescouo
1007 3748 1071 3813 che
1087 3745 1120 3813 io
1136 3767 1206 3813 non
1222 3765 1277 3812 sa-

78 3880 150 3943 peua
168 3863 335 3951 sssempio
356 3864 444 3931 nella
464 3862 678 3950 Compagnia
697 3865 761 3930 che
780 3862 813 3931 le
835 3871 950 3929 nostre
973 3860 1114 3928 schuole
1136 3861 1166 3926 si
1192 3878 1278 3927 con-

76 3974 264 4064 giongesero
279 3999 346 4045 con
361 3979 457 4047 altre.
473 3979 499 4045 ll
514 3979 699 4047 medesimo
715 3977 788 4046 dise
808 4001 828 4045 a
851 3998 918 4043 vna
943 3975 1211 4062 congregatione
1235 3975 1277 4042 de

73 4089 180 4177 cinque
196 4116 216 4161 o
230 4093 280 4162 sei
297 4093 486 4180 principali,
504 4095 585 4179 qual
600 4095 673 4162 fece
695 4094 766 4160 fare
779 4093 804 4158 il
824 4112 971 4159 vescouo
991 4089 1086 4158 accio
1108 4091 1142 4157 io
1162 4090 1277 4158 dicese

73 4207 170 4288 quello
184 4212 248 4279 che
263 4209 311 4275 mi
327 4231 453 4296 pareua
468 4209 548 4278 delli
563 4207 700 4295 capitoli
716 4231 737 4276 o
752 4206 937 4275 conditioni
953 4205 1172 4293 propostemi3
1191 4215 1226 4272 et
1241 4205 1275 4272 io

71 4321 264 4344 h¹¹—-=·——-

112 4385 127 4419 ²
150 4377 342 4434 Emendatunr
354 4377 447 4434 alibr.
459 4395 496 4432 ex
506 4379 685 4433 conseruata
696 4375 798 4448 quella
807 4379 892 4431 terra
903 4375 953 4430 del
964 4373 1209 4430 calamistro-b
1219 4373 1275 4430 Ar-

71 4461 143 4533 chet,
156 4468 336 4524 humisa-c
348 4466 407 4535 Sic,
424 4483 476 4540 pro
487 4467 624 4522 discosio.

72 4555 263 4574 ‘'——a—

73 4681 96 4739 ὓ
115 4598 122 4629 ¹
154 4601 315 4674 Episcopus
331 4600 492 4658 leodiensis
509 4607 572 4656 erat
589 4597 739 4656 Gerendus
758 4615 815 4654 van
831 4597 1003 4654 Groesbeclr
1021 4595 1101 4671 (1562
1120 4625 1130 4639 ·
1148 4596 1164 4650 l
1185 4594 1275 4667 1580).

99 4698 160 4754 rus,
173 4689 227 4744 loc.
241 4690 292 4747 cit.
