3404 5380
577 480 911 554 14Ocroners1566·
1012 454 1013 457 Ἴ
1258 495 1311 552 249

111 647 218 707 steoeo
231 648 270 706 et
287 647 453 706 contento
470 633 526 702 alli
543 633 723 724 superiori,
742 643 776 704 et
794 637 839 702 ha
855 634 985 702 aiutato
1005 633 1094 705 assai
1114 634 1147 702 al
1161 645 1288 702 mastro
1303 637 1347 703 de

113 751 229 838 nouitij
245 752 285 818 in
304 752 487 822 Monachio
501 772 562 838 per
577 751 612 817 lo
629 771 785 838 gouemo
809 749 889 816 delli
910 749 1048 835 nouitij‚
1066 771 1136 816 non
1150 750 1223 816 solo
1243 751 1345 836 dopoi

114 871 165 934 ch'
177 871 197 934 e
211 867 333 936 uscito
349 868 379 934 di
393 866 577 947 nouitiato‚
594 887 650 932 ma
671 864 821 932 etiandio
842 867 988 934 essendo
1008 864 1150 934 nouitio.
1170 867 1257 932 Pare
1280 868 1345 933 che

115 986 272 1050 seriano
289 1005 356 1070 per
368 992 492 1070 questo
508 979 634 1060 officio,
653 981 710 1048 del
732 981 834 1066 quale
850 1002 919 1048 non
940 991 1067 1048 mostra
1081 1001 1195 1048 essere
1217 978 1341 1062 alieno,

113 1110 145 1163 et
158 1120 226 1164 non
237 1100 260 1166 ὁ
271 1098 438 1166 inclinato
450 1121 471 1166 a
482 1100 603 1168 lettere
616 1099 732 1164 molte.
747 1095 786 1165 Si
799 1097 923 1164 manda
934 1119 995 1182 per
1007 1095 1139 1164 intento
1150 1098 1227 1176 che,
1241 1096 1342 1164 alem

115 1225 218 1298 tempo
239 1216 411 1282 sentendo
436 1214 559 1280 alcuna
575 1213 718 1280 lettione
740 1213 773 1278 d'
795 1212 971 1280 humanita
986 1221 1021 1280 et
1037 1212 1123 1278 altra
1137 1212 1191 1280 de'
1213 1211 1284 1278 cesi
1307 1212 1342 1278 di

112 1326 333 1404 emetienda,
348 1329 374 1394 si
391 1327 540 1416 applichi
557 1329 600 1394 ad
616 1348 731 1396 essere
748 1319 910 1394 in'strutto
922 1327 1010 1396 delle
1021 1347 1101 1396 cose
1116 1326 1171 1394 del
1183 1348 1339 1414 gouerno

112 1441 149 1506 de
166 1442 313 1529 nouitij,
335 1446 398 1512 che
419 1464 520 1529 possa
542 1453 678 1510 tornare
704 1442 867 1508 instrutto
889 1464 950 1528 per
970 1443 1038 1511 tale
1052 1441 1172 1512 effetto
1191 1440 1227 1508 in
1249 1443 1340 1510 Ger-

112 1557 225 1624 mania.

171 1692 201 1756 3.
250 1676 357 1742 Mtro.
373 1673 496 1742 Nicolo
508 1673 601 1744 Salio
614 1676 658 1739 ha
672 1671 800 1740 sentito
816 1671 840 1738 il
852 1694 950 1740 corso
966 1671 1003 1738 in
1015 1675 1140 1760 Praga,
1155 1674 1199 1739 ha
1210 1673 1294 1741 ietto
1306 1673 1339 1740 la

117 1786 259 1866 remim,
277 1798 317 1855 et
330 1810 388 1856 era
403 1788 618 1874 predicatore
634 1789 795 1856 bohemo.
809 1787 847 1858 Si
865 1788 988 1854 manda
999 1808 1060 1874 per
1071 1787 1221 1855 studiare
1238 1791 1337 1856 theo

115 1901 194 1986 logia
208 1905 315 1970 alcun
331 1914 458 1990 temp0,
477 1914 512 1974 et
527 1907 603 1972 sard
616 1903 650 1970 di
666 1902 849 1984 aduertite,
866 1905 931 1970 che
942 1925 980 1970 se
991 1925 1062 1970 non
1074 1915 1127 1970 sta
1138 1925 1234 1984 san0,
1248 1904 1277 1971 si
1289 1903 1337 1970 ri-

118 2017 218 2084 mandi
229 2041 250 2084 a
263 2021 391 2105 Praga,
406 2019 471 2086 ale
483 2039 582 2104 spese
594 2017 628 2083 di
641 2019 754 2103 quello
764 2017 922 2105 collegio,
933 2021 997 2084 ohe
1009 2039 1077 2086 con
1088 2027 1209 2104 questo
1221 2018 1335 2086 inten-

116 2143 145 2195 to
158 2133 178 2196 l'
194 2135 238 2198 ho
254 2145 407 2216 menam,
426 2134 585 2201 temendo
601 2136 666 2201 che
682 2155 751 2200 non
767 2133 791 2198 ti
807 2132 937 2200 seruire
953 2143 1048 2200 tanto
1064 2133 1096 2199 la
1111 2132 1233 2214 sanita,
1247 2135 1334 2201 ben-

117 2247 169 2312 che
182 2249 201 2313 e
215 2259 308 2315 stato
324 2250 431 2316 molto
447 2250 535 2316 bene
546 2271 608 2335 per
619 2249 735 2315 strada
747 2249 795 2314 fin
808 2247 879 2332 qui.
899 2247 963 2314 Lui
974 2247 1130 2314 desidera
1145 2249 1332 2317 solamente

120 2361 142 2424 d'
157 2364 259 2434 bauer
275 2365 370 2432 uisto
386 2367 507 2446 Roma,
525 2374 559 2432 et
576 2364 611 2429 di
626 2385 740 2432 essere
756 2375 847 2430 stato
863 2363 964 2430 alcun
980 2374 1094 2450 tempo
1109 2364 1154 2431 la:
1169 2363 1201 2431 io
1218 2370 1332 2430 tamen

117 2478 203 2546 credo
218 2482 283 2547 che
299 2483 399 2566 potrai
414 2479 545 2548 studiat
562 2481 649 2546 bene
665 2480 698 2544 la
714 2477 883 2566 teologia‚
902 2490 937 2546 et
959 2477 1158 2546 rimandarsi
1174 2479 1272 2547 dotto
1296 2479 1331 2544 in

122 2591 249 2660 Boemia:
268 2594 318 2682 gli
335 2595 373 2660 fu
390 2606 565 2680 comprato
580 2593 616 2660 in
633 2597 746 2680 Praga
762 2616 811 2660 un
823 2594 992 2662 cauallino
1004 2605 1039 2662 et
1051 2595 1133 2662 dato
1145 2593 1282 2662 viatico.

170 2727 200 2789 4.
247 2712 355 2777 Panlo
367 2733 427 2778 era
439 2732 508 2776 uno
520 2711 649 2778 scolare
660 2709 694 2776 di
708 2709 852 2777 retorica
868 2709 902 2775 in
920 2711 1046 2796 Praga,
1060 2710 1096 2776 di
1106 2709 1245 2777 natione
1260 2711 1330 2778 sle·

122 2819 168 2888 sio.
184 2825 257 2891 Non
278 2826 466 2892 uolendolo
481 2824 626 2911 pigliare
645 2824 668 2890 li
689 2823 796 2890 nostri
819 2823 855 2890 in
872 2827 1002 2910 Frage,
1020 2826 1054 2890 lo
1077 2827 1287 2892 mandarono
1310 2849 1331 2892 a

121 2935 267 3021 hebone,
282 2943 376 3008 doue
391 2939 425 3007 io
441 2941 475 3006 lo
490 2939 616 3008 riceuei
629 2939 903 3007 esseminandolo
917 2939 1109 3008 sommarie:
1124 2963 1196 3007 non
1207 2942 1281 3007 esta
1293 2953 1329 3008 ot
1400 3003 1405 3016 ,

121 3052 191 3120 nella
203 3053 419 3142 Compagnia
430 3077 537 3124 senon
551 3056 665 3140 quello
677 3059 741 3121 che
753 3057 837 3121 hara
851 3056 936 3121 fatto
948 3053 983 3122 di
995 3066 1141 3141 passata:
1160 3055 1188 3122 si
1205 3057 1329 3124 manda

121 3185 166 3247 per
178 3169 240 3236 iare
255 3171 278 3236 il
295 3168 468 3236 nouitiato
481 3191 544 3236 suo
557 3169 592 3235 in
606 3173 726 3237 Roma.
742 3169 916 3238 Giouanni
931 3171 967 3237 fu
981 3171 1123 3258 pigliato
1137 3194 1196 3257 per
1208 3171 1327 3240 ordine
1431 3183 1434 3190 ’

120 3281 171 3348 nio
183 3282 213 3350 in
228 3287 378 3354 Vienna:
398 3295 502 3354 stette
517 3287 573 3354 nel
586 3286 734 3372 collegio
747 3285 781 3350 di
795 3285 931 3353 Vienna
943 3288 976 3352 al
989 3296 1102 3373 tempo
1114 3289 1169 3354 ch’
1187 3286 1221 3352 io
1232 3287 1327 3354 stetti

120 3393 145 3460 in
158 3399 267 3488 Praga:
286 3413 335 3468 na
351 3423 479 3470 ancora
493 3423 553 3486 per
570 3403 641 3468 sare
657 3401 681 3466 il
697 3401 864 3468 nouitiato
881 3400 916 3468 in
938 3404 1057 3468 Roma.
1076 3401 1116 3469 Li
1132 3413 1269 3487 quattro
1289 3401 1324 3467 di

121 3511 275 3585 Monachio
292 3517 322 3582 si
339 3515 592 3583 cominciarono
608 3539 627 3582 a
644 3515 786 3604 pigliare
802 3517 845 3582 da
861 3515 1020 3603 Giugno,
1038 3519 1093 3582 ch’
1111 3515 1146 3582 io
1165 3527 1265 3583 stauo
1287 3517 1323 3584 in

122 3625 289 3714 Monachio,
309 3643 345 3700 et
360 3631 455 3718 dipoi
475 3653 535 3718 per
556 3631 675 3700 ordine
696 3630 765 3698 mio
786 3633 982 3699 haueranno
1002 3642 1091 3698 stato
1107 3653 1208 3718 poco,
1226 3653 1324 3702 come

124 3744 222 3814 uedera
235 3751 278 3816 V.
301 3751 357 3828 P.‚
376 3746 412 3813 in
429 3746 606 3813 nouitiato.
623 3746 660 3814 Si
677 3748 845 3813 mandano
862 3768 987 3815 ancora
1001 3769 1099 3815 come
1110 3747 1159 3833 gli
1175 3747 1253 3814 altri
1264 3770 1325 3834 per

123 3855 185 3924 tario
197 3861 228 3930 in
242 3866 356 3932 Roma
371 3883 439 3928 con
454 3863 487 3928 la
503 3861 613 3950 gratia
629 3863 684 3929 del
701 3860 861 3948 Signore.
878 3843 1010 3930 Poteuo
1021 3863 1162 3930 mandar
1174 3862 1251 3927 altri
1262 3883 1323 3948 per

122 3971 212 4060 Roma3
227 3979 311 4066 perd
326 3977 442 4064 questi
463 3987 480 4022 ⁸
494 3999 578 4044 sono
594 3976 707 4064 paruti
723 3978 811 4044 assai
826 3999 887 4065 per
907 3979 1050 4045 adesso:
1069 3979 1102 4044 la
1122 3978 1223 4062 quale
1239 3978 1323 4045 mis-

120 4084 190 4158 sione
201 4115 299 4180 spero
315 4096 383 4160 che
397 4095 476 4160 sara
490 4091 526 4158 in
541 4091 682 4160 seruitio
697 4091 732 4157 di
743 4091 957 4182 Jesuchristo
973 4101 1092 4159 nostro
1117 4092 1275 4180 Signore.
1294 4095 1321 4158 ll

120 4201 228 4292 d'ssegno
242 4219 366 4278 nostro
381 4217 417 4275 et
434 4207 605 4276 desiderio
619 4209 656 4290 e,
673 4210 738 4276 che
760 4208 793 4276 la
815 4209 856 4274 Ρ.
874 4209 918 4276 V.
938 4207 960 4273 li
977 4219 1082 4294 tenga
1097 4209 1130 4274 la
1145 4209 1201 4276 nel
1218 4207 1319 4274 noui-

121 4315 180 4386 fiato
192 4336 313 4410 quanto
330 4324 354 4389 li
371 4326 504 4411 parere,
522 4333 557 4390 et
569 4322 661 4409 dipoi
676 4323 772 4389 siano
785 4322 964 4390 rimandati
976 4322 1012 4388 in
1028 4345 1096 4410 qua
1111 4322 1147 4390 in
1162 4324 1317 4411 peregri-

122 4436 221 4508 natione
231 4442 267 4509 di
279 4441 339 4508 doi
351 4441 388 4506 in
401 4440 470 4520 doi,
484 4461 550 4506 con
563 4438 664 4526 pochi
677 4438 837 4524 quatrini,
855 4462 916 4526 per
932 4438 1031 4506 finire
1045 4441 1159 4527 quella
1170 4449 1271 4527 ,parte
1282 4439 1318 4506 di

131 4590 281 4610 “M

159 4695 172 4728 ¹
190 4689 325 4766 Sequitur
337 4691 386 4750 mi
397 4690 586 4778 obliteratum
598 4706 615 4746 a
629 4690 685 4764 N.,
699 4697 732 4746 ut
744 4689 875 4748 videtur.
