3494 5392
379 483 412 526 η
771 468 877 526 Emer.
896 468 931 525 Ρ.
951 467 1155 540 Narrat-354

232 705 233 708 Ἴ
344 620 496 690 cardinal
512 619 547 686 di
562 619 698 688 Altems
718 619 964 688 ricercandomi
980 620 1016 687 di
1031 621 1173 688 mandar
1188 641 1234 686 un
1251 617 1400 705 collegio
1420 618 1465 699 la,
1482 618 1574 686 doue

339 737 415 805 dice
431 739 539 805 hauer
555 756 603 802 un
615 735 671 806 bel
687 735 775 803 loeo.
790 734 836 804 Di
851 736 965 821 quello
979 736 1023 804 de
1035 733 1213 822 Herbipoli
1224 734 1268 802 V.
1289 734 1329 801 R.
1349 733 1526 802 intendera
1538 733 1573 800 la

339 849 562 939 dispositione
578 854 644 918 che
655 849 687 917 ci
698 852 731 918 ἐ.
749 850 793 918 Di
812 861 902 918 tutto
914 862 1035 936 questo
1047 873 1129 938 pare
1144 849 1268 919 debbia
1283 871 1376 917 esser
1390 846 1573 917 informato

339 969 384 1036 V.
403 969 460 1049 R.;
479 968 618 1055 perche,
636 987 675 1034 se
690 966 776 1034 siha
792 966 828 1033 di
844 977 964 1034 trattar
974 966 1009 1033 di
1026 965 1192 1046 missioni,
1207 963 1319 1052 questi
1331 963 1454 1051 paiono
1465 967 1572 1032 molto

340 1082 536 1170 opportuni,
547 1093 582 1150 et
593 1081 629 1148 in
641 1082 762 1170 luoghi
773 1082 809 1149 di
820 1083 925 1150 molta
934 1082 1154 1169 importanza,
1164 1092 1199 1149 et
1212 1091 1307 1148 tanto
1314 1080 1374 1166 piu
1386 1081 1569 1162 sruttuose,

342 1201 468 1286 perche
483 1202 560 1267 sara
575 1199 608 1266 la
623 1197 800 1268 residenza
817 1199 937 1281 ferma,
954 1208 990 1268 et
1004 1199 1096 1267 doue
1108 1197 1132 1264 il
1144 1197 1250 1264 frutto
1261 1199 1326 1264 che
1341 1196 1371 1263 si
1387 1197 1457 1264 fara
1472 1200 1575 1283 potra

342 1313 470 1401 meglio
481 1312 695 1380 conseruarsi
706 1323 741 1379 et
759 1311 969 1380 continuarsi
982 1333 1047 1378 con
1059 1312 1092 1378 la
1105 1311 1221 1379 diuina
1232 1310 1357 1398 gratia,
1371 1322 1407 1380 et
1417 1315 1494 1380 sara
1505 1313 1574 1380 ben

343 1432 419 1510 che,
438 1430 611 1496 trattando
631 1430 721 1498 delle
737 1426 891 1496 missioni
906 1430 961 1496 col
980 1429 1088 1495 Illmo.
1112 1428 1226 1514 legato
1246 1428 1459 1509 Comendon‚
1478 1427 1576 1496 siano
1596 1425 1603 1436 ’

344 1545 380 1611 in
397 1543 670 1613 consideratione
686 1542 799 1629 questi
820 1543 950 1632 luoghi.

414 1680 445 1744 3.
495 1659 603 1728 Molte
618 1680 698 1727 cose
713 1657 745 1726 ci
765 1678 851 1726 sono
871 1657 988 1726 scritte
1008 1659 1098 1728 della
1114 1656 1291 1745 prouincia
1310 1658 1400 1726 della
1418 1657 1576 1746 superior

346 1773 543 1856 Germania,
561 1775 594 1841 la
610 1773 756 1862 risposta
771 1773 860 1842 delle
871 1773 964 1858 quali
979 1775 999 1841 ὲ
1016 1773 1199 1842 rimetterle
1212 1795 1232 1840 a
1247 1774 1292 1841 V.
1311 1774 1353 1840 R.
1372 1773 1467 1840 accio
1479 1775 1512 1841 la
1527 1773 1577 1840 ri-

346 1891 455 1971 solua,
473 1911 495 1956 o
508 1909 591 1958 uero
607 1889 653 1956 mi
664 1888 721 1956 dia
733 1887 842 1956 auiso:
857 1888 1099 1976 specialmente
1114 1888 1224 1956 uorrei
1237 1909 1330 1958 esser
1342 1886 1473 1955 auisato
1485 1889 1577 1958 delia

347 2015 476 2073 uenuta
491 2004 526 2071 in
541 2007 649 2072 Roma
664 2003 720 2073 del
735 2004 851 2072 dottor
867 2004 1026 2071 Conrado
1044 2004 1052 2036 ¹
1069 2015 1104 2071 et
1116 2003 1196 2072 delli
1213 2002 1315 2071 Padri
1328 2001 1477 2071 Martino
1494 2003 1576 2072 Ste-

347 2120 524 2201 uordiano,
541 2117 694 2207 Georgio
709 2118 909 2189 Schorichio
931 2130 966 2188 et
990 2120 1154 2190 Hermete
1176 2123 1205 2201 ³,
1222 2118 1428 2206 predicatori
1443 2121 1486 2188 de
1507 2119 1576 2186 Hi-

348 2239 486 2323 spruch,
500 2256 538 2303 se
550 2257 631 2320 pare
642 2257 662 2302 a
673 2236 714 2303 V.
734 2236 774 2303 R.
794 2255 940 2321 possano
952 2255 1012 2320 per
1023 2236 1169 2321 qualche
1181 2245 1295 2321 tempo
1308 2233 1407 2303 uenir
1419 2257 1439 2302 a
1452 2237 1575 2316 Roma,

350 2371 409 2437 per
425 2349 564 2418 aiutarsi
579 2349 638 2436 piri
654 2350 744 2420 nelle
759 2370 838 2418 cose
865 2347 1044 2434 spirituali,
1062 2369 1160 2418 come
1175 2371 1257 2436 pare
1272 2350 1306 2417 lo
1329 2360 1428 2418 sente
1442 2349 1467 2416 il
1482 2353 1579 2417 vice-

349 2465 559 2552 prouinciale
575 2465 600 2548 ⁸;
618 2475 654 2534 et
673 2486 712 2536 se
727 2465 856 2553 paressi
871 2486 892 2531 a
912 2465 956 2531 V.
975 2466 1016 2532 R.
1039 2467 1104 2531 che
1127 2463 1241 2532 alcuni
1260 2464 1295 2532 di
1315 2465 1388 2532 loro
1405 2486 1474 2532 non
1491 2487 1579 2534 sono

350 2580 411 2648 atti
424 2602 484 2667 per
498 2581 531 2646 le
547 2579 711 2661 missioni,
728 2591 763 2648 et
779 2583 844 2650 che
855 2602 893 2650 se
912 2581 1097 2649 douessino
1113 2583 1267 2664 mandat,
1284 2581 1308 2648 li
1323 2583 1422 2669 potra
1437 2581 1580 2649 mandat

351 2699 383 2764 al
399 2718 500 2764 nome
516 2698 560 2763 de
575 2696 684 2764 Iddio.

417 2832 451 2896 4.
499 2813 636 2882 Alcune
650 2813 736 2882 altre
763 2833 844 2882 cose
859 2815 925 2882 che
940 2833 1092 2899 propone
1118 2811 1142 2879 il
1162 2822 1268 2880 rettor
1294 2812 1338 2879 de
1359 2810 1580 2897 Hispruchsi

352 2938 542 2997 remettono
558 2929 667 2997 anche
687 2950 707 2995 a
723 2927 773 3020 V.¹
786 2930 843 2996 R.:
873 2927 921 2995 lui
949 2927 1054 2997 credo
1070 2928 1103 2995 le
1129 2926 1291 3008 scriuera3
1321 2927 1395 2996 etii
1411 2926 1522 2995 simile
1537 2927 1581 2995 de

351 3044 437 3110 altre
451 3043 507 3111 del
533 3043 647 3110 dottor
664 3043 769 3110 Paolo
785 3043 811 3125 ⁴,
828 3053 863 3111 et
878 3064 917 3110 se
931 3053 948 3088 ⁸
966 3041 990 3110 li
1017 3043 1150 3132 negotii
1165 3042 1182 3085 b
1201 3042 1289 3110 della
1316 3041 1408 3110 dieta
1434 3041 1581 3129 impedi·

352 3179 460 3225 ranno
476 3159 540 3225 che
560 3179 629 3226 non
646 3157 675 3225 si
695 3179 844 3245 possano
866 3180 927 3246 per
943 3159 1064 3226 adesso
1085 3157 1205 3225 uisitar
1220 3156 1305 3226 detti
1321 3156 1469 3244 collegii,
1487 3159 1531 3226 ne
1546 3156 1583 3224 in

351 3273 507 3342 absentia
522 3274 553 3341 si
564 3277 661 3360 potra
676 3275 744 3343 ben
759 3273 925 3343 risoluere
942 3276 986 3341 V.
1001 3275 1058 3357 R.;
1073 3274 1210 3359 quando
1224 3273 1363 3341 uisitara
1375 3273 1453 3358 quei
1464 3273 1585 3360 luoghi

352 3389 552 3477 prouedera.
570 3389 597 3456 11
612 3388 799 3474 prouintial
816 3390 872 3456 del
888 3391 1009 3457 Rheno
1030 3391 1042 3425 ⁵
1063 3389 1235 3457 domanda
1255 3391 1319 3457 che
1341 3387 1370 3456 si
1389 3391 1435 3455 ha
1454 3391 1497 3456 da
1514 3389 1585 3458 fare

352 3504 388 3571 di
404 3505 484 3590 quel
495 3505 625 3593 Jacobo
642 3506 774 3572 Mumtz
792 3515 824 3588 0,
843 3504 866 3570 il
882 3506 963 3590 qual
974 3515 1027 3572 sta
1043 3506 1166 3574 adesso
1179 3503 1214 3570 in
1227 3503 1371 3572 Colonia
1388 3505 1485 3572 fuora
1497 3503 1585 3572 della

354 3619 569 3708 Conpagnia‚
588 3641 626 3688 se
642 3619 835 3689 conuienne
850 3621 1043 3688 absoluerlo
1064 3620 1144 3689 delli
1161 3619 1233 3686 uoti
1248 3639 1269 3686 o
1290 3641 1370 3686 non:
1389 3619 1461 3688 loro
1477 3641 1515 3687 se
1530 3620 1583 3687 in-

355 3735 491 3803 clinano
506 3737 571 3804 aila
587 3746 684 3823 parte
705 3736 919 3819 affirmatium
938 3748 973 3804 et
994 3747 1218 3823 quantunque
1238 3757 1306 3803 non
1329 3733 1376 3804 mi
1392 3759 1474 3823 pare
1493 3756 1585 3803 ame

356 3851 379 3917 il
395 3851 578 3935 contrario,
593 3850 639 3917 mi
651 3851 826 3940 rimmetto
838 3873 936 3939 pura
951 3855 995 3921 V.
1011 3854 1068 3936 R.,
1082 3853 1147 3920 che
1162 3871 1310 3921 conosce
1325 3852 1393 3920 ben
1405 3852 1485 3937 quel
1499 3872 1585 3938 sog-

359 3977 456 4054 getto
472 3970 494 4034 ⁶.

408 4181 425 4216 ⁸
453 4168 589 4228 Obscura
601 4171 818 4245 scriptum-b
836 4171 922 4229 Prius
935 4172 1078 4245 scriptum
1091 4171 1186 4228 metat
1196 4173 1221 4228 it
1231 4173 1363 4246 negotio:
1373 4169 1480 4227 deinde
1490 4187 1591 4226 emen·

354 4258 455 4314 datum
467 4268 549 4315 recte
562 4260 599 4328 li;
611 4260 664 4316 aed
678 4261 815 4318 relictum
827 4263 948 4335 negotio
961 4279 999 4318 ex
1012 4261 1232 4318 oblivione-0
1248 4260 1298 4316 Sic
1308 4259 1338 4316 in
1349 4275 1415 4329 ms.;
1427 4257 1480 4316 sed
1490 4261 1591 4332 legen·

354 4345 425 4404 dum
438 4348 545 4403 Mania
558 4347 743 4406 arbitramur.

412 4503 420 4535 ¹
458 4498 642 4572 Swagerius.
701 4505 713 4537 ²
750 4501 924 4575 Halpewer.
984 4503 996 4537 ³
1032 4502 1067 4558 P.
1080 4456 1280 4559 Theodericus
1295 4498 1446 4557 Caninius.

408 4591 421 4624 ⁴
457 4587 616 4646 Hoffaeus.
702 4591 714 4626 ⁸
749 4591 787 4646 P.
805 4591 954 4648 Antonius
967 4591 1078 4650 Vinck.

410 4679 422 4713 ⁰
458 4679 504 4734 De
518 4693 553 4734 eo
565 4677 635 4735 vide
649 4679 751 4753 Epist.
768 4679 893 4747 Natat„
907 4681 947 4751 H,
962 4692 1024 4746 122,
1041 4680 1105 4751 167.
