3494 5392
509 476 703 532 Pnooruuuu
721 487 827 532 11111111
845 488 1016 534 1ο1111111112
1283 493 1347 536 xvn

139 629 273 718 quibus
282 630 373 696 haec
389 649 576 716 excerpere
593 628 751 696 sufficiat:
774 605 970 698 «Possiamo
987 633 1139 699 anchora
1153 643 1188 698 et
1199 631 1381 701 debbiamo

142 757 196 824 dir
216 767 358 842 questo,
388 757 454 822 che
481 755 641 822 uediamo
661 776 723 841 per
749 753 938 842 sperienza;
964 757 1029 822 che
1055 757 1075 823 ὸ
1102 755 1294 824 necessario
1315 779 1381 826 con

145 892 270 968 queste
288 878 424 946 nationi
441 877 532 947 usar’
548 881 593 946 de
613 900 698 966 gran
719 876 953 947 moderatione
972 889 1006 948 et
1020 878 1260 966 longanimita,
1278 879 1302 945 il
1317 884 1382 955 che

145 1005 397 1091 specialmente
417 1002 447 1072 si
468 1002 625 1071 desidera
639 1002 690 1070 sia
704 1023 887 1090 persuasso
902 1025 923 1068 a
943 1003 1035 1084 tutti,
1053 1005 1180 1090 perche
1196 1005 1381 1076 realmente

147 1152 233 1197 sono
246 1128 376 1216 grandi
397 1127 567 1195 necessita
589 1138 623 1195 et
642 1125 811 1196 accidenti
830 1149 892 1214 per
911 1137 1031 1212 queste
1051 1129 1176 1210 bande,
1194 1131 1259 1198 che
1275 1131 1380 1201 fanno

147 1255 206 1322 alla
217 1276 377 1342 persona
389 1252 539 1320 mouersi
551 1274 571 1320 a
581 1251 831 1340 compassione,
845 1262 881 1320 et
896 1255 1015 1320 hauer'
1032 1253 1067 1319 di
1079 1258 1210 1321 cercar'
1224 1254 1380 1341 spedien·

150 1382 184 1458 ti,
204 1402 273 1448 con
290 1379 433 1466 grande
452 1376 583 1480 charita
605 1387 639 1450 et
659 1376 923 1446 mansuetudine
943 1378 999 1444 nel
1019 1378 1179 1464 Signore,
1208 1398 1306 1448 come
1333 1380 1379 1447 ho

149 1507 255 1573 detto»
273 1507 371 1591 (139,
391 1503 466 1584 146,
493 1502 579 1587 147).
597 1500 845 1570 Monachiense
863 1501 1046 1588 collegium
1062 1503 1198 1585 lustrat,
1219 1503 1379 1590 augusti-

145 1629 266 1695 nianos
285 1629 416 1695 fratres
432 1625 497 1692 sibi
514 1636 549 1692 et
565 1624 733 1694 Societati
749 1626 939 1694 benevolos
955 1626 1078 1708 reddit,
1094 1625 1243 1694 novitios
1259 1629 1303 1694 ab
1319 1627 1379 1697 iis-

150 1755 221 1822 dem
239 1762 427 1840 segregat,
444 1749 657 1838 disciplinam
682 1749 876 1837 religiosam
896 1749 1054 1837 provehit
1077 1753 1165 1839 (166,
1185 1755 1258 1834 181,
1290 1754 1375 1840 182).

152 1877 443 1966 lngolstadienses
458 1877 665 1958 consolatur,
690 1874 875 1964 collegium
896 1877 1043 1958 ordinat,
1057 1877 1246 1946 libertatem
1259 1879 1379 1950 Socie·
1443 1883 1448 1898 ‘

154 2005 224 2071 talis
238 2004 338 2091 apud
355 2001 503 2069 Eckium
518 2002 671 2070 defendit
687 2003 776 2089 (183,
797 2004 870 2086 184,
893 2003 977 2091 189).
992 2005 1180 2070 Doctorum
1194 2004 1329 2072 Peltani
1344 2015 1379 2073 et

152 2128 257 2196 Pisani
272 2127 473 2194 discordiae
488 2125 639 2194 remedia
650 2126 792 2194 adhibet
817 2127 921 2214 (298).
947 2126 1170 2213 Dilinganum
1193 2127 1376 2214 collegium

153 2253 295 2341 inspicit,
328 2251 543 2319 fundationis
562 2251 828 2318 instrumentum
853 2253 896 2318 ad
922 2260 1071 2319 mentem
1096 2252 1378 2322 constitutionum

150 2377 330 2448 Societatis
350 2376 530 2445 reformari
552 2377 723 2464 (185·187‚
753 2394 827 2465 197,
855 2377 1028 2464 327-330),
1054 2387 1089 2446 et
1111 2378 1293 2464 Augustae
1317 2378 1378 2445 ali·

153 2505 243 2588 quod
262 2500 401 2589 collegii
421 2500 627 2589 principium
647 2500 721 2568 fieri
744 2512 843 2567 curat
864 2502 1036 2589 (187-189,
1062 2503 1139 2585 246,
1171 2503 1257 2588 391).
1290 2503 1377 2569 Cum

158 2649 235 2694 vero
257 2625 444 2714 collegium
468 2623 675 2711 Oenipontis
697 2645 767 2692 non
790 2627 879 2694 bene
902 2627 1114 2712 procederet,
1141 2636 1213 2694 tum
1236 2626 1380 2694 rectoris

157 2752 267 2833 Dirsii,
286 2763 361 2819 tum
376 2749 525 2818 ministri
542 2749 679 2818 Hoffaei
698 2771 816 2833 causa,
838 2750 983 2816 multum
1006 2749 1054 2816 ibi
1077 2751 1239 2819 insudare
1260 2751 1379 2818 debuit

156 2879 296 2959 Natalis,
320 2887 361 2942 ut
383 2896 496 2942 novus
519 2886 632 2942 rector
646 2874 844 2962 eligeretur,
863 2886 898 2944 et
913 2875 1000 2943 aliae
1016 2897 1070 2942 res
1086 2875 1223 2963 collegii
1239 2877 1282 2944 ad
1298 2897 1379 2943 nor-

156 3025 241 3070 mam
258 3012 454 3070 nostrarum
474 2998 742 3080 institutionum,
767 2999 842 3068 sine
862 2999 1058 3087 reginarum
1078 3001 1266 3069 offensione
1287 3001 1380 3068 ordi-

152 3138 314 3196 narentur
331 3127 509 3212 (274-277,
528 3139 606 3212 279,
625 3125 703 3208 285,
722 3143 799 3212 291,
818 3124 899 3210 etc.)

220 3257 412 3320 Ausrnmn
429 3269 476 3316 111
494 3250 690 3316 Boanumn
717 3248 875 3336 collegia,
899 3271 919 3316 a
939 3249 995 3318 die
1016 3264 1058 3331 27
1075 3247 1156 3337 Julii
1178 3250 1222 3316 ad
1241 3249 1379 3316 ultimos

149 3379 228 3446 dies
242 3374 451 3463 Septembris
466 3372 588 3440 eodem
604 3394 696 3439 anno
717 3375 802 3458 1566
821 3373 937 3441 invisit
953 3373 1084 3441 Natalis
1101 3375 1275 3460 (236238,
1299 3388 1376 3458 255,

149 3504 242 3589 25ό);
265 3521 328 3572 1122
349 3500 426 3568 sine
445 3497 610 3585 gravibus
626 3497 786 3584 periculis
810 3497 1007 3566 Danuvium
1031 3501 1159 3568 flumen
1182 3497 1378 3586 enavigavit

147 3629 238 3718 (198,
258 3645 338 3711 207,
356 3623 448 3710 208),
470 3633 505 3690 et
521 3644 582 3708 per
608 3621 795 3690 Moraviam
816 3622 1046 3708 finitimasque
1066 3622 1237 3710 regioneS,
1262 3621 1380 3688 militi-

149 3756 215 3821 bus
230 3773 362 3838 magna
376 3769 421 3815 ex
435 3757 534 3833 parte
550 3745 730 3814 haereticis
754 3747 962 3833 frequentes
987 3748 1092 3834 longa
1107 3746 1230 3816 itinera
1245 3745 1380 3833 peregit

150 3879 252 3966 (256).
270 3875 515 3946 Vindobonam
530 3868 689 3957 pervenit
704 3871 760 3938 die
775 3890 817 3955 27
829 3872 923 3960 Julii,
942 3871 1058 3958 ibique
1078 3882 1244 3940 consueta
1263 3869 1381 3956 inspe-

148 4003 275 4072 ctionis
290 3995 480 4067 ministeria
490 3994 610 4076 obivit,
624 3995 800 4081 multaque
810 3998 983 4084 praeclare
996 3994 1174 4064 constituit
1191 3996 1222 4084 (2
1226 3995 1307 4080 56-2
1311 3995 1378 4082 58),

150 4129 299 4215 indeque
322 4120 495 4212 proficisci
517 4129 684 4188 statuerat
707 4139 746 4188 12
770 4121 935 4208 Augusti,
961 4123 1021 4188 sed
1037 4121 1102 4188 iter
1121 4121 1157 4187 in
1178 4129 1379 4206 sequentem

152 4253 239 4322 diem
251 4251 392 4319 differre
405 4255 545 4314 coactus
557 4254 621 4326 est,
632 4246 676 4311 ob
688 4242 901 4332 imperatoris
912 4267 1102 4332 egressum,
1117 4245 1176 4330 qui
1190 4267 1267 4312 cum
1281 4265 1381 4313 exer-

150 4376 221 4443 citu
245 4374 281 4440 in
297 4370 515 4460 Hungariam
532 4389 570 4436 se
587 4369 788 4438 conserebat
804 4371 990 4458 (213-215).
1009 4372 1093 4440 Inde
1108 4370 1302 4438 Timaviam
1319 4391 1380 4457 pe-

152 4502 203 4584 tit,
228 4521 285 4571 res
304 4496 441 4586 collegii
464 4495 501 4561 in
528 4492 681 4562 ordinem
708 4494 846 4584 redigit,
875 4507 1111 4582 rectoremque
1133 4499 1272 4565 Petrum
1290 4497 1382 4564 Her-

154 4629 246 4712 nath,
270 4625 431 4694 Hurtado
458 4621 567 4687 Perez
594 4619 784 4704 substituit,
814 4623 979 4709 huncque
1005 4621 1151 4710 collegio
1171 4621 1383 4689 olomucensi

290 4758 379 4805 Emer.
394 4755 425 4802 Ρ.
440 4752 545 4809 Nande,
560 4761 620 4797 τοι.
637 4750 686 4797 111.
