3414 5374
435 545 489 616 642
823 537 928 601 Errer.
948 543 982 600 Pr
1002 541 1206 614 Nemee-538

469 717 501 766 2.
551 701 619 768 M.⁰
635 697 803 768 Seuerino
818 720 887 766 non
904 696 1059 765 eancora
1068 709 1210 778 venum,
1224 708 1259 764 et
1270 699 1316 764 ho
1328 696 1450 766 scritto
1465 696 1501 762 in
1513 697 1616 765 Leone

360 793 362 808 ¹
383 818 465 894 *che
481 837 549 883 non
562 813 638 882 sarai
651 813 796 902 bisogno
812 813 1005 882 altrimente
1017 806 1084 882 dhe
1096 835 1221 902 venga3
1235 813 1430 900 imperoche
1445 811 1616 880 habbiamo

398 931 488 1000 assai
505 929 643 1000 maestri
659 952 720 1016 per
735 931 758 997 li
773 929 921 998 scholari
937 931 1003 998 dhe
1018 944 1103 996 sono
1119 945 1200 1015 qua,
1219 930 1363 998 essendo
1382 929 1491 995 molto
1511 927 1612 1014 pochi,

399 1060 435 1114 et
456 1048 631 1135 pensiamo
651 1045 921 1134 probabil‘mente
946 1047 1013 1113 ohe
1034 1061 1094 1132 per
1114 1055 1204 1113 tutto
1224 1064 1293 1112 vno
1312 1065 1402 1112 anno
1426 1065 1497 1110 non
1516 1045 1610 1111 haue-

399 1184 493 1230 remo
510 1163 657 1250 bisogno
671 1161 704 1229 d’
721 1160 797 1228 altri
813 1160 951 1229 maeatri
967 1162 1034 1228 che
1049 1160 1154 1246 quelli
1168 1159 1225 1228 ch'
1241 1180 1375 1242 auem0,
1392 1181 1432 1226 se
1447 1180 1517 1226 non
1533 1159 1613 1224 fosse

397 1299 467 1345 vno
486 1276 694 1359 humanista‚
717 1277 742 1343 il
766 1277 867 1363 quale
886 1276 919 1342 ci
944 1277 1111 1363 potrebbe
1132 1297 1245 1344 essere
1264 1269 1457 1343 necessario
1479 1273 1566 1342 circa
1585 1274 1613 1340 la

398 1415 538 1478 pasqua,
549 1397 577 1458 s’
591 1393 776 1460 andaseero
788 1392 875 1460 bene
887 1393 919 1458 le
931 1411 1021 1460 cose.
1034 1393 1077 1458 Et
1089 1391 1163 1458 cosi
1173 1392 1318 1459 essendo
1329 1399 1492 1477 scargato
1502 1401 1612 1474 questo

396 1508 544 1594 collegio
561 1527 620 1595 per
636 1523 704 1574 vno
720 1515 824 1589 anno,
841 1506 1039 1593 pagarebbe
1054 1503 1087 1573 la
1101 1506 1256 1592 magiore
1271 1517 1367 1593 parte
1382 1507 1426 1575 de
1442 1505 1453 1570 i
1469 1505 1544 1573 suoi
1558 1505 1611 1572 de-

382 1603 473 1704 'biti‚
499 1623 521 1688 il
542 1621 609 1691 che
629 1631 727 1689 certo
748 1621 766 1689 ὲ
787 1623 893 1688 molto
914 1618 1120 1702 necessario,
1149 1622 1294 1690 essendo
1320 1623 1385 1688 che
1412 1619 1437 1686 li
1463 1618 1609 1689 creditori

398 1740 504 1804 fanno
521 1735 750 1824 grandissima
770 1736 932 1802 instantia
952 1747 980 1802 ³.

467 1873 499 1937 3.
549 1855 642 1920 Poco
669 1875 690 1918 a
716 1872 803 1938 poco
829 1851 860 1917 ci
889 1851 1082 1938 espediamo
1114 1851 1194 1918 delli
1224 1851 1331 1918 nostri
1357 1849 1554 1929 conuittori,
1578 1859 1607 1915 et

399 1989 505 2054 pense
521 1968 537 2010 b
556 1971 621 2034 che
637 1968 688 2034 fra
703 1967 784 2034 duoi
800 1965 885 2034 mesi
900 1968 933 2032 al
952 1967 1009 2053 pio
1030 1987 1163 2036 saremo
1183 1964 1326 2053 espediti
1346 1966 1381 2033 di
1404 1967 1495 2034 tutti.
1516 1967 1550 2032 Io
1568 1967 1606 2029 ho

399 2085 560 2152 mandato
576 2083 600 2149 il
617 2086 657 2150 P·.
671 2084 770 2172 Joan.
791 2081 947 2168 Baptista
961 2081 1177 2168 neapolitano
1192 2081 1228 2148 in
1248 2085 1367 2163 Roma,
1391 2081 1538 2151 secondo
1552 2082 1605 2146 che

398 2199 444 2267 V.
464 2201 505 2266 R.
525 2203 571 2264 m'
588 2201 724 2266 haueua
740 2199 909 2278 ordinate,
928 2207 962 2266 et
977 2197 1001 2264 li
1016 2200 1062 2264 ho
1076 2199 1157 2281 dato
1173 2215 1195 2280 4
1220 2213 1252 2270 Δ
1278 2220 1338 2284 per
1357 2197 1492 2264 viatico.
1515 2198 1548 2264 Io
1567 2193 1606 2260 mi

397 2336 461 2382 eon
478 2316 627 2381 ssorzato
643 2315 687 2382 de
701 2311 861 2390 ritenerlo
877 2314 953 2380 sino
970 2315 1036 2380 alla
1051 2313 1256 2399 primauera,
1275 2333 1329 2380 ma
1344 2335 1413 2380 non
1430 2313 1474 2380 ho
1487 2322 1605 2399 poturo.

400 2429 457 2496 Ho
473 2451 599 2496 ancora
615 2429 774 2495 mandato
791 2427 943 2496 Antonio
958 2429 1015 2497 del
1032 2431 1140 2496 Ponte
1161 2439 1303 2509 sertore,
1325 2427 1362 2494 in
1381 2449 1445 2495 suo
1465 2445 1557 2514 paese
1577 2425 1604 2491 al

401 2547 442 2612 R.
463 2548 503 2612 P.
523 2547 666 2612 Costere
686 2547 707 2624 ¹,
726 2545 871 2610 essendo
895 2543 943 2610 lui
965 2545 1126 2611 taimente
1146 2543 1310 2629 inquiet0‚
1332 2545 1397 2612 che
1420 2565 1487 2610 non
1507 2541 1603 2608 sivo·

400 2660 478 2726 leue
493 2659 529 2724 in
545 2661 639 2726 nullo
656 2660 757 2725 modo
772 2657 938 2743 quietare,
952 2661 1017 2727 che
1029 2681 1099 2725 non
1116 2658 1253 2726 hauessi
1266 2659 1348 2726 fatte
1359 2669 1451 2726 certe
1467 2655 1603 2724 faciende

397 2777 463 2841 che
479 2773 528 2839 lui
544 2775 666 2842 diceua
680 2776 808 2843 hauere
823 2773 858 2840 in
875 2775 988 2860 quelle
1003 2775 1125 2842 bande.
1144 2775 1171 2840 11
1188 2778 1229 2841 P.
1249 2773 1453 2843 Sebastiano
1472 2775 1484 2806 ²
1502 2771 1601 2840 arriud

400 2889 435 2954 in
452 2892 568 2958 Leone
584 2908 649 2956 con
660 2893 761 2978 Joan.
780 2891 813 2955 d'
832 2890 898 2957 Ost
915 2891 1040 2977 (quello
1055 2893 1121 2958 che
1139 2891 1252 2959 debbe
1265 2889 1474 2978 insignareli
1492 2891 1600 2956 abece-

400 3005 486 3072 darii
502 3006 537 3072 in
559 3006 684 3090 Leone)
706 3006 730 3072 il
749 3005 934 3074 medesimo
955 3005 1077 3092 giorno
1097 3008 1160 3073 che
1181 3005 1215 3072 io
1238 3005 1284 3071 mi
1311 3005 1399 3092 parti
1426 3005 1460 3072 di
1484 3006 1596 3071 Leone.

401 3125 488 3190 Mr0.
502 3124 592 3210 Joan
609 3121 765 3188 Tioneau
781 3143 824 3186 va
839 3121 945 3187 molto
961 3122 1060 3202 bene,
1081 3121 1281 3208 ringratiato
1296 3119 1346 3188 sia
1361 3119 1428 3189 Dio
1443 3122 1483 3188 N.
1503 3119 1551 3199 8.,
1571 3131 1599 3182 et

398 3237 628 3304 commincerd
644 3237 677 3305 al
691 3236 857 3323 principio
873 3237 928 3304 del
949 3256 1042 3305 mese
1062 3247 1229 3323 seguente
1249 3238 1391 3323 leggere
1410 3258 1455 3303 vn
1474 3255 1552 3322 poco
1572 3229 1600 3295 di

401 3353 583 3434 rhetorica,
603 3363 638 3422 et
653 3353 687 3418 di
704 3373 818 3440 greco.
839 3353 864 3418 ss
882 3355 921 3419 P.
940 3355 1077 3440 Rogero
1097 3372 1180 3438 pare
1195 3354 1261 3420 che
1276 3352 1342 3419 stia
1356 3373 1478 3420 ancora
1491 3346 1599 3435 meglio

401 3471 466 3537 che
483 3469 591 3556 primo
609 3469 738 3535 faceua.

469 3604 500 3667 4.
551 3585 686 3652 Adesse
716 3582 830 3650 scriuo
857 3607 877 3650 a
904 3585 948 3650 V.
979 3585 1020 3651 R.
1046 3584 1081 3649 in
1101 3583 1301 3669 particolare
1321 3585 1434 3669 quello
1454 3586 1513 3650 che
1530 3581 1558 3646 io
1580 3577 1597 3642 li

399 3700 499 3768 diede
515 3701 550 3766 in
566 3699 726 3787 generale
741 3698 820 3766 delli
841 3698 960 3765 denari
981 3699 1070 3785 presi
1092 3720 1193 3786 sopra
1213 3701 1236 3766 l'
1258 3699 1383 3768 intrata
1403 3701 1456 3768 del
1475 3693 1597 3782 collegio

364 3839 370 3850 ·
399 3814 433 3879 di
462 3817 633 3881 Tornone.
666 3813 780 3882 Primo
806 3813 952 3900 bisogna
978 3813 1050 3881 dire
1077 3825 1216 3899 questo:
1245 3818 1309 3882 che
1337 3813 1359 3881 l’
1379 3838 1467 3883 anno
1491 3815 1560 3898 1565
1578 3810 1595 3874 il

451 3994 468 4027 ι
496 3984 530 4038 In
543 3999 636 4054 marg.
650 3982 752 4038 eadent
766 3996 864 4037 manu:
880 3979 982 4054 «Depo
994 3983 1103 4038 hauere
1115 3982 1218 4038 scritto
1231 3985 1259 4039 la
1269 3991 1418 4055 presente,
1428 3985 1444 4040 e
1454 3983 1501 4058 qui
1511 3981 1596 4054 giumo

398 4081 438 4128 vn
447 4073 520 4127 Μ.ΓΟ
537 4074 657 4143 Jacomo
667 4069 727 4127 Seii
734 4087 772 4112 ’ὁ
785 4101 819 4114 -·
827 4071 919 4141 hiato,
931 4070 951 4126 il
962 4073 1047 4143 quale
1057 4070 1084 4127 ci
1097 4072 1134 4126 ha
1146 4071 1283 4128 mandato
1293 4073 1314 4131 il
1324 4073 1358 4129 P.
1370 4073 1476 4144 Guido‚
1486 4066 1597 4127 haueado

395 4154 439 4217 od
451 4163 633 4216 instantiam
646 4161 676 4216 di
694 4161 824 4216 Antonio
841 4159 967 4216 Chiaton
983 4161 1111 4216 ritenuto
1131 4159 1152 4218 il
1169 4161 1323 4231 Seuerino,
1342 4173 1372 4220 et
1389 4163 1450 4219 cosi
1465 4160 1598 4218 habbiemo

395 4251 468 4306 'tutti
482 4250 491 4304 i
505 4251 625 4306 maestri
637 4251 691 4304 che
703 4249 793 4305 ianne
807 4249 942 4321 bisogno,
957 4257 987 4304 et
997 4250 1067 4306 tutti
1078 4265 1150 4306 sono
1163 4251 1380 4325 occupatio-b
1390 4251 1449 4318 Sic,
1459 4269 1508 4324 pro
1513 4254 1597 4324 penso·

451 4403 458 4435 ¹
498 4403 671 4458 Franciecue
684 4401 838 4473 Costerde,
851 4401 1038 4474 provincialis
1056 4401 1233 4460 Germaniae
1246 4403 1402 4461 inferioris.

449 4492 461 4528 ¹
498 4492 532 4546 In
556 4493 691 4562 cataioge
715 4489 884 4562 provineiee
911 4491 1103 4563 Aquitaniae,
1126 4507 1202 4548 anno
1234 4493 1303 4562 1566
1330 4495 1449 4568 scripto,
1477 4487 1599 4564 reperitur

396 4581 447 4635 «P.
462 4581 655 4637 Sebastianus
667 4579 720 4636 des
735 4579 911 4652 Molineaum
925 4589 1080 4652 cooptatos
1091 4581 1124 4638 in
1134 4582 1312 4638 Societatem
1322 4574 1597 4655 ann01559n.0ffi05⁰

395 4669 583 4725 vicereetoris
605 4669 783 4740 fungebatur
801 4669 832 4724 in
850 4670 976 4740 collegio
999 4671 1181 4728 tomonenei.
1197 4671 1272 4728 Cum
1290 4673 1364 4728 alter
1381 4673 1431 4729 tali
1452 4667 1554 4728 nomine
1569 4663 1596 4718 ie

391 4757 472 4815 dicto
485 4761 619 4830 catalogo
633 4775 690 4815 non
702 4765 882 4832 compareat,
895 4758 932 4814 de
944 4759 996 4815 illo
1009 4759 1039 4815 in
1048 4761 1104 4815 hac
1116 4761 1241 4834 epistole
1252 4769 1350 4817 semo
1360 4776 1428 4819 eeee
1440 4759 1552 4818 videtur.
