3414 5374
397 495 452 551 622
786 492 892 551 Errsr.
913 493 946 548 P.
967 491 1174 564 Nauis-530

363 646 490 734 pagnia
507 645 619 714 insino
636 645 702 713 alla
721 644 866 712 Francia
886 646 1032 726 Contea,
1052 655 1090 712 et
1111 645 1169 732 pio
1190 646 1309 713 auanti
1326 667 1363 716 ss
1385 643 1597 732 bisogniari.

361 761 422 829 Gli
437 759 546 830 nostri
566 771 704 830 restano
727 761 827 842 bene,
856 770 894 829 et
914 759 948 826 la
972 777 1053 828 casa
1072 771 1108 829 et
1127 761 1161 828 la
1179 762 1356 843 contrada,
1375 763 1476 828 doue
1487 769 1597 840 mano,

361 897 447 945 sana
462 897 524 962 per
543 876 576 944 la
595 873 714 942 diuina
740 873 863 962 gratia.
893 877 962 942 Tra
977 874 1000 940 l'
1028 877 1114 944 altre
1140 896 1221 945 cose
1248 896 1310 961 per
1324 877 1358 945 le
1381 875 1483 961 quali
1495 897 1542 942 vo
1556 875 1599 940 da

361 991 562 1080 monsignor
584 993 682 1058 Rnio.
701 991 721 1057 ἑ
743 1010 805 1076 per
819 987 952 1059 ritirare
973 990 997 1056 li
1014 989 1138 1060 fratelli
1158 991 1194 1057 di
1214 1011 1282 1077 qua
1301 990 1338 1056 in
1353 992 1510 1077 qualche
1525 989 1599 1056 loco

360 1105 468 1175 libero
479 1108 523 1174 de
535 1116 643 1194 peste.
660 1104 825 1174 Lasciano
837 1127 906 1192 qua
917 1105 1053 1190 alcuno,
1067 1116 1135 1175 etc.
1151 1108 1201 1175 La
1213 1108 1253 1174 Ρ.
1270 1107 1314 1174 V.
1328 1105 1418 1176 sacci
1432 1109 1510 1174 iare
1522 1125 1599 1172 ora-

362 1219 457 1290 tione
472 1244 534 1309 per
551 1222 645 1289 tutti.
816 1221 818 1224 ’

430 1353 458 1420 7.
507 1337 638 1406 Dubito
653 1339 759 1404 molto
773 1338 807 1404 d'
825 1339 933 1404 hauet
948 1358 1036 1422 gran
1050 1336 1213 1404 difficolti
1234 1337 1269 1403 di
1284 1357 1356 1404 non
1377 1339 1488 1407 esser'
1512 1337 1597 1402 rice·

363 1462 465 1519 uutto
480 1453 561 1522 nell'
578 1453 664 1520 altre
679 1463 769 1522 terre
784 1473 845 1538 per
864 1453 968 1518 esse?
990 1461 1081 1520 stato
1097 1451 1133 1518 in
1153 1463 1285 1540 questa,
1308 1451 1497 1538 pereiochd
1519 1450 1593 1517 tutti

361 1567 393 1633 si
412 1568 602 1654 guardano;
632 1589 687 1634 ma
710 1567 734 1632 il
750 1565 898 1653 Signore
923 1563 1067 1634 aiutari.
1098 1567 1240 1634 Andard
1261 1567 1367 1635 dritto
1382 1591 1404 1634 a
1419 1564 1589 1636 Ciamberi

363 1703 430 1749 con
446 1683 620 1769 proposito
635 1682 671 1748 di
685 1679 825 1748 visitare
845 1680 925 1766 quel
940 1680 1100 1768 collegio,
1117 1691 1154 1749 et
1170 1682 1205 1750 di
1225 1683 1257 1749 li
1278 1683 1397 1750 andar'
1421 1683 1458 1750 in
1473 1681 1588 1762 Lione,

363 1808 401 1867 et
421 1793 493 1864 cosi
514 1797 658 1888 pigliare
674 1796 948 1864 ordinatamente
967 1795 991 1862 li
1011 1795 1161 1883 collegii,
1186 1807 1222 1865 et
1237 1797 1402 1865 trouarmi
1422 1820 1485 1886 per
1499 1797 1522 1862 l'
1540 1796 1587 1860 ui-

364 1913 447 1980 timo
463 1911 503 1979 in·
515 1911 725 2000 Auignione,
740 1911 774 1977 di
789 1913 880 1982 douo
896 1910 989 1997 possi
1004 1911 1207 2000 proseguire
1222 1913 1246 1980 il
1261 1914 1397 1981 camino
1408 1935 1469 2000 per
1481 1910 1582 1980 italia.

363 2029 539 2116 Questoi
565 2027 589 2094 il
611 2026 786 2114 proposito
807 2025 887 2108 mio,
910 2047 978 2093 non
1004 2027 1149 2124 essondo
1170 2028 1404 2116 impedimenti
1425 2051 1486 2116 per
1510 2047 1583 2112 rag-

364 2143 469 2230 gione
485 2143 564 2213 delli
592 2142 708 2231 tempi,
726 2152 791 2212 etc.
817 2143 857 2212 L'
880 2141 965 2209 altre
985 2163 1065 2212 cose
1085 2143 1280 2230 particolari
1306 2144 1363 2212 dei
1384 2140 1530 2230 collegio
1553 2138 1583 2206 di

366 2258 509 2345 Pariggi
525 2269 560 2328 et
575 2257 610 2323 di
626 2268 747 2342 questo
762 2257 914 2326 scriuero
927 2258 969 2324 da
986 2257 1159 2327 Ciamberi
1175 2279 1242 2326 eon
1254 2259 1287 2326 la
1302 2259 1415 2347 gratia
1429 2259 1472 2326 de
1489 2252 1582 2325 Chri·

281 2399 283 2404 *
362 2384 431 2441 sto.
449 2373 539 2441 Neili
555 2371 644 2440 santi
659 2370 816 2438 sacrificii
828 2383 863 2442 et
874 2370 1020 2439 orationi
1031 2374 1121 2441 della
1135 2377 1174 2441 P.
1189 2376 1234 2442 V.
1249 2373 1282 2441 ci
1296 2372 1580 2442 mocomandiamo

364 2487 590 2558 humilmente
605 2487 640 2553 io
655 2495 691 2554 et
703 2484 880 2568 Ximenez,
894 2496 930 2554 ot
942 2487 978 2554 in
990 2487 1094 2574 quelli
1107 2487 1185 2556 delli
1199 2489 1275 2557 Rdi.
1292 2488 1394 2556 Padri
1407 2483 1578 2562 assistenti,

364 2603 423 2672 del
440 2604 480 2669 Ρ.
504 2602 666 2684 Polanco,
690 2603 729 2668 P.
754 2601 899 2682 Madrid,
922 2604 962 2669 P.
993 2601 1242 2689 Ribadeneyra,
1264 2614 1333 2672 ete.
1358 2604 1528 2670 Dominus
1541 2599 1581 2665 sit

365 2717 553 2783 nobiscum.
576 2718 631 2783 Da
649 2716 826 2797 Verdun0,
845 2715 901 2784 alli
918 2733 960 2801 25
976 2717 1013 2784 di
1034 2717 1160 2804 Luglio
1179 2719 1275 2802 1568.
1294 2721 1339 2786 D.
1364 2721 1403 2786 Ρ.
1424 2719 1465 2787 V.
1489 2733 1580 2786 seruo

362 2853 408 2898 en
427 2830 506 2914 X.⁰‚

1181 2957 1368 3134 iNAssAL·
1394 2957 1431 3046 †'

431 3175 615 3262 Inscriptio
631 3178 670 3242 in
690 3181 817 3262 quarto
838 3179 989 3266 pagina:
1011 3181 1112 3274 Jhus
1142 3179 1188 3248 Al
1203 3181 1310 3247 molto
1324 3180 1413 3248 Rdo.
1440 3182 1477 3248 P.
1492 3179 1531 3246 N.
1549 3174 1584 3241 in

360 3293 513 3372 Christo,
528 3291 553 3357 il
569 3292 610 3358 P.
625 3293 652 3358 F
654 3312 817 3360 rancesco
829 3291 863 3360 di
878 3293 1016 3380 Borgia,
1030 3294 1203 3381 preposito
1214 3297 1377 3381 generale
1389 3295 1477 3365 della
1488 3295 1584 3362 Com-

365 3407 492 3496 pagnia
508 3407 543 3474 di
559 3406 680 3488 Giesn,
702 3417 773 3474 etc.
796 3410 916 3476 Roma.
946 3411 1029 3476 Alio
1056 3432 1176 3476 mann:
1196 3431 1231 3496 p.
1249 3431 1279 3478 e.
1307 3433 1355 3478 m.
1385 3408 1582 3495 Alio·1568.

361 3523 406 3590 C.
425 3523 602 3590 Verduno.
623 3523 665 3590 P.
683 3523 818 3592 Natale.
837 3539 879 3608 25
896 3523 931 3590 di
947 3524 1083 3612 Luglio.
1104 3527 1140 3596 S.
1161 3526 1353 3614 Vestigium
1368 3527 1491 3616 sigilii.

935 3709 1028 3774 580

717 3814 749 3869 S.
770 3815 1020 3874 FRANCISCUS
1038 3817 1092 3873 DE
1111 3815 1239 3890 BORJA

618 3915 777 3982 PATRI
812 3915 1132 3986 HIERONYMO
1166 3917 1350 3986 NADAL

784 4041 906 4098 soriis,
928 4042 960 4101 ¹9
977 4043 1058 4102 Juin
1079 4031 1146 4101 1568
1161 4031 1184 4091 ¹.

361 4141 388 4184 1.
402 4127 449 4182 De
459 4125 584 4182 Natalis
597 4127 783 4182 itinero-2.
799 4126 844 4183 De
855 4127 1018 4183 Edmundo
1027 4130 1165 4202 Augerio
1176 4133 1204 4185 ot
1213 4129 1250 4184 do
1259 4128 1395 4184 Henrico
1404 4129 1585 4201 Dionysio·-

616 4229 642 4285 3.
658 4213 859 4272 concionator
871 4215 988 4272 latinus
1003 4217 1132 4274 Lovanii
1144 4218 1346 4274 desideratur.

437 4349 466 4398 1.
510 4332 610 4419 Jhus.
631 4333 738 4399 Molto
758 4329 844 4398 Rdo.
867 4331 903 4398 in
926 4315 1159 4418 xp0‚'Padre.
1180 4335 1252 4402 Pax
1276 4332 1372 4420 Xpi.‚
1390 4344 1456 4402 etc.
1473 4335 1583 4418 Doppo

364 4447 473 4513 hauet
489 4444 608 4512 scritto
623 4449 666 4515 V.
684 4448 725 4512 R.
743 4445 776 4513 le
790 4445 899 4531 prime
910 4447 1031 4516 lettere
1046 4469 1067 4515 a
1083 4447 1238 4536 Pariggi,
1255 4447 1374 4516 auanti
1388 4451 1453 4518 che
1467 4441 1580 4536 sapessi

418 4601 426 4634 ¹
465 4603 509 4657 Ex
522 4605 693 4675 archetypo,
708 4619 725 4658 a
738 4602 911 4660 Femandoz
924 4614 1053 4674 exarato,
1071 4615 1103 4662 et
1120 4607 1245 4678 Borgise
1262 4623 1351 4664 manu
1367 4608 1539 4680 subscripto,
1554 4603 1578 4659 in

365 4687 444 4746 Cod.
462 4705 510 4761 34,
524 4691 635 4764 duplici
648 4690 712 4763 foi,
726 4689 778 4747 236
791 4693 860 4764 (47).
876 4693 952 4749 Vide
965 4693 1051 4766 epist.
1066 4695 1128 4764 526,
1144 4696 1192 4752 cui
1204 4697 1278 4752 haec
1290 4697 1460 4769 respondet.
