3414 5374
749 487 852 544 Errsr.
873 485 907 542 Ρ.
927 486 1132 558 Naum-590
1150 497 1191 543 er
1210 497 1260 556 ⁵9¹

958 745 1054 813 Μ.

708 873 741 929 P.
755 871 995 928 EVERARDUS
1008 871 1295 931 MERCURIANUS

640 983 798 1058 PATRI
827 989 1148 1074 HIERONYMO
1177 990 1359 1057 NADAL

778 1133 899 1193 nomn,
912 1135 948 1192 29
959 1133 1105 1188 Jnuumm
1119 1122 1188 1192 1576
1200 1122 1221 1176 ¹.

389 1237 531 1294 Natalem
551 1237 692 1293 ausimum
716 1235 858 1309 adjecisse
878 1237 920 1292 ad
939 1240 1169 1310 procurandam
1189 1239 1364 1312 imaginum
1385 1239 1608 1312 impressionem

938 1327 1065 1400 gaudet.

458 1455 619 1538 Magnam
646 1473 689 1520 ex
715 1452 756 1518 R.
783 1451 825 1518 T.
851 1450 958 1520 literis
978 1451 1096 1538 accepi
1112 1450 1147 1518 in
1167 1453 1316 1520 Domino
1330 1451 1599 1530 consolationem,

389 1578 464 1634 tum
479 1576 618 1652 propter
635 1568 675 1632 R.
707 1567 744 1633 T.
774 1565 1019 1648 ualetudinem,
1045 1587 1147 1652 quam
1168 1567 1286 1634 scribit
1311 1567 1413 1654 paulo
1429 1567 1602 1633 firmiorem

389 1703 467 1751 esse
494 1703 596 1767 quam
625 1702 717 1748 anno
736 1681 922 1767 superiore,
943 1681 1026 1747 item
1048 1693 1185 1767 propter
1209 1665 1319 1749 Patris
1339 1681 1468 1750 Rotarii
1482 1703 1598 1748 conua-

389 1795 601 1876 lescentiam,
620 1808 693 1863 tum
708 1790 822 1878 etiam,
836 1795 915 1881 quia
927 1795 1028 1864 uideo
1044 1817 1119 1866 eam
1133 1798 1285 1864 animum
1296 1775 1460 1866 adiecisse
1475 1799 1517 1864 ad
1527 1818 1598 1883 pro·

389 1913 576 1980 curandam
600 1911 732 1979 illarum
755 1911 943 1998 imaginum
957 1909 1228 1997 impressionem,
1245 1913 1350 1998 idque
1363 1934 1433 1979 non
1450 1925 1515 1980 tam
1526 1933 1594 1999 pro-

389 2037 465 2112 pter
475 2025 883 2111 inclinationemaliquam
894 2047 1004 2106 suam,
1019 2047 1121 2111 quam
1133 2027 1247 2112 potius
1258 2027 1374 2096 scribit
1384 2027 1422 2094 in
1433 2049 1471 2094 se
1481 2027 1591 2093 nnllam

388 2163 478 2222 esse,
496 2163 598 2227 quam
614 2153 751 2227 propter
766 2141 928 2208 maiorem
948 2141 1013 2209 Dei
1029 2141 1184 2228 gloriam,
1202 2143 1245 2209 ad
1261 2163 1362 2228 quam
1382 2165 1424 2210 ea
1443 2164 1495 2209 res
1508 2141 1590 2206 uide

389 2268 445 2323 tur
461 2257 706 2324 redundatura.
724 2258 843 2342 Itaque
858 2255 986 2343 gratias
1002 2277 1069 2344 ago
1085 2255 1233 2325 Domino
1247 2259 1333 2338 Deo,
1348 2260 1441 2342 quod
1451 2258 1493 2324 ita
1506 2259 1540 2323 R.
1554 2257 1588 2321 T.

389 2388 425 2440 et
440 2393 495 2439 me
510 2374 627 2440 eadem
643 2394 745 2458 opera
760 2373 969 2454 consoletur,
987 2393 1007 2438 a
1023 2389 1091 2457 quo
1104 2371 1255 2459 impense
1266 2393 1387 2459 precor
1398 2385 1439 2441 ut
1450 2373 1532 2439 illam
1542 2370 1593 2434 diu

285 2469 288 2474 ¹
390 2487 489 2554 nobis
503 2487 707 2554 incolumem
734 2498 861 2568 seruet,
890 2498 925 2554 et
952 2487 1006 2555 sui
1034 2488 1203 2555 Paracleti
1230 2487 1330 2555 donis
1355 2488 1484 2556 indies
1498 2485 1595 2570 magis

391 2603 569 2689 magisque
585 2613 724 2672 recreet.
737 2605 876 2684 Romae,
896 2621 938 2691 29
953 2603 1106 2691 Januarii
1127 2604 1221 2686 1576.

725 2985 766 3050 P.
784 2983 1094 3053 HIERONYMUS
1114 2985 1278 3052 NAD'AL

637 3125 773 3180 earm
791 3123 1038 3184 nvnnnnuo
1057 3123 1363 3184 mensuremus>

775 3271 893 3328 aaran,
908 3258 940 3313 31
960 3272 1104 3326 Jnnuemr
1119 3259 1187 3330 1576
1200 3264 1222 3313 ¹.

592 3383 638 3438 De
651 3383 780 3440 editione
792 3383 968 3456 imaginum
980 3384 1061 3439 ailae
1075 3381 1190 3439 Christi
1197 3385 1406 3457 procurando.

454 3526 477 3613 i
523 3528 630 3594 Molto
646 3528 731 3593 Rdo.
760 3529 799 3592 Ρ.
823 3527 868 3593 N.
892 3526 927 3620 in
947 3525 1012 3594 X.⁰
1030 3529 1100 3594 Pax
1122 3526 1179 3596 Χ]
1199 3527 1270 3596 Son
1290 3538 1379 3596 stato
1400 3526 1494 3614 quasi
1511 3533 1587 3591 tutto

387 3652 509 3726 questo
526 3663 617 3708 mese
636 3641 825 3726 indisposto
841 3647 940 3707 extra
960 3642 1115 3708 ordinem
1135 3645 1179 3710 de
1198 3665 1245 3710 vn
1260 3643 1518 3711 extraordinario
1536 3659 1582 3705 ca-

386 3757 511 3822 tarrho.
535 3757 614 3823 Non
633 3768 686 3822 sto
713 3777 837 3822 ancora
864 3757 971 3837 molto
985 3757 1082 3824 bene.
1106 3757 1309 3825 Benedictus
1331 3756 1507 3826 Dominus.
1524 3755 1581 3823 son

386 3878 500 3938 tamea
515 3882 604 3938 stato
616 3873 706 3940 nella
722 3871 989 3958 congregatione
1004 3871 1040 3937 in
1056 3875 1186 3959 Ispruc,
1203 3875 1292 3941 doue
1307 3878 1353 3943 ho
1367 3875 1453 3942 viste
1471 3876 1501 3941 le
1513 3891 1577 3938 cen·

385 4009 465 4054 sure
481 3985 561 4053 delli
579 3989 618 4054 P.
643 3989 765 4053 Torres
788 3997 822 4055 et
849 3987 1020 4073 Gregorio
1048 3989 1073 4067 ³,
1103 3999 1137 4056 et
1166 3999 1314 4056 tratanto
1339 3991 1394 4057 col
1414 3993 1454 4057 P.
1478 3991 1579 4055 Torres

384 4103 502 4168 hanno
517 4089 603 4166 latta
619 4101 806 4186 diligentia,
825 4123 880 4168 ma
902 4123 971 4168 non
995 4100 1041 4168 mi
1064 4103 1216 4169 daranno
1238 4112 1357 4191 troppo
1383 4101 1582 4191 occupatione

385 4237 451 4283 con
467 4216 500 4282 la
517 4215 629 4301 gratia
644 4217 698 4284 del
715 4217 852 4304 Signor.
871 4217 1081 4286 Desideraua
1093 4221 1157 4284 che
1170 4215 1247 4308 ilP.
1263 4219 1379 4288 Pietro
1391 4230 1426 4289 et
1438 4223 1476 4288 P.
1489 4219 1580 4284 Theo·

441 4427 448 4459 ¹
487 4429 531 4484 Ex
553 4429 694 4500 Regesto,
715 4427 790 4485 Cod.
814 4445 846 4500 33
857 4430 902 4502 j),
919 4429 970 4486 fol.
991 4429 1089 4500 37.1n
1106 4430 1247 4503 margine:
1266 4431 1377 4488 Halae.
1394 4434 1432 4489 P.
1449 4429 1579 4488 Natum.

384 4517 460 4574 Vide
474 4519 560 4592 epist.
577 4519 638 4589 589,
653 4520 701 4576 cui
713 4522 786 4577 haec
798 4520 966 4594 respondet.

437 4611 448 4641 ¹
485 4609 529 4662 Ex
542 4611 736 4681 autographo,
750 4611 779 4665 in
793 4611 890 4682 Epist.
904 4610 1022 4678 Natal.,
1036 4611 1074 4679 11,
1088 4609 1198 4684 duplici
1211 4611 1273 4684 iol,
1288 4610 1341 4684 239
1354 4613 1439 4682 (166).

437 4696 449 4726 ³
486 4694 561 4749 Vide
576 4697 664 4768 epist.
678 4697 741 4766 5843
756 4697 819 4766 586;
835 4706 864 4752 et
876 4697 939 4768 589.
