3482 5386
615 536 651 578 ιο
670 521 868 578 ssrrsunns
889 532 956 590 1577
1311 533 1366 592 749

507 882 547 948 Ρ.
567 879 876 947 HIERONYMUS
899 878 1064 945 NADAL

369 1013 515 1069 PATRI
548 1010 827 1069 EVERARDO
857 1009 1202 1068 MERCURIANO

519 1139 676 1195 ussurus,
689 1141 725 1183 20
737 1138 932 1184 ssereunnrs
947 1137 1016 1195 1577
1030 1129 1051 1181 ¹.

284 1245 421 1300 Venetiae
433 1245 527 1300 venit:
540 1245 576 1300 de
588 1245 666 1299 socio
678 1248 707 1300 et
719 1245 755 1300 de
768 1243 899 1298 editrbne
911 1241 1144 1298 meditationum
1157 1257 1296 1298 uiarum.

242 1371 265 1458 †
288 1371 396 1438 Molto
417 1371 503 1436 Rdo.
528 1372 568 1436 Ρ.
587 1371 631 1436 N.
650 1369 684 1435 in
701 1370 761 1435 X.⁰
783 1371 856 1436 Pax
880 1367 937 1434 X.¹
957 1368 991 1434 A
1011 1386 1049 1451 13
1072 1366 1215 1454 gionsi¹
1236 1389 1256 1434 a
1276 1377 1397 1452 questa

161 1507 261 1553 casa.
280 1487 359 1553 Non
376 1485 458 1570 pote
474 1483 604 1550 scriuer
623 1485 768 1550 sabbato
787 1505 848 1569 per
868 1483 1096 1560 stracchezza‚
1115 1483 1159 1550 de
1178 1483 1211 1549 la
1231 1483 1311 1569 qual
1327 1504 1396 1548 non

161 1623 232 1668 son
247 1621 373 1668 ancora
387 1600 508 1668 libero.
526 1601 598 1668 Son
613 1609 742 1668 venuto
758 1598 795 1665 in
809 1597 927 1666 lettica
942 1597 991 1663 fin
1007 1619 1027 1663 a
1043 1599 1192 1678 Verona,
1207 1599 1271 1666 che
1284 1598 1313 1664 si
1326 1609 1396 1664 tro-

163 1737 259 1782 uano
275 1715 310 1780 in
326 1717 473 1802 Insprug
490 1738 510 1782 a
525 1716 600 1795 fite,
618 1715 811 1782 altrimente
827 1735 895 1780 non
911 1722 1037 1799 poteua
1052 1712 1167 1794 venir3
1185 1723 1220 1779 et
1237 1715 1268 1780 al
1286 1715 1398 1780 Padre

165 1831 360 1916 prouincial
376 1830 425 1916 gli
441 1851 541 1917 parse
557 1831 641 1898 cusi.
662 1828 774 1897 Venni
790 1849 850 1914 per
866 1829 1004 1896 Verona
1020 1837 1054 1896 et
1072 1828 1201 1906 Padua‚
1221 1827 1397 1914 etbgran-

169 1946 332 2014 demente
348 1956 545 2014 acarezzato
560 1945 605 2010 da
623 1943 724 2012 Padri
736 1954 771 2009 et
784 1942 904 2010 fratelli
918 1945 1069 2032 resectus
1085 1947 1133 2008 est
1144 1943 1290 2027 spiritus
1302 1963 1400 2008 meus
1508 1947 1510 1953 “

172 2065 203 2124 et
218 2067 352 2145 corpus.
372 2059 442 2145 Qui
458 2082 521 2127 son
536 2069 625 2126 stato
637 2067 817 2125 resceuuto
829 2058 884 2124 dal
899 2058 1009 2124 Padre
1020 2057 1215 2144 preposito⁸
1231 2078 1297 2124 con
1309 2079 1398 2144 gran

172 2175 429 2242 amoreuolezza
451 2184 486 2241 et
506 2173 635 2241 charita
651 2182 685 2240 et
705 2175 749 2238 da
771 2172 867 2260 tuttif,
886 2182 921 2240 et
935 2182 949 2214 ⁰
964 2171 1010 2237 mi
1027 2194 1089 2240 son
1104 2173 1299 2259 rallegratO,
1318 2193 1396 2258 spe·

171 2289 351 2358 cialmente
366 2311 428 2375 per
442 2288 592 2356 vedermi
604 2287 640 2354 in
652 2310 731 2376 casa
742 2290 908 2374 professa.
917 2289 950 2353 -11
967 2289 1007 2353 Ρ.
1023 2286 1164 2354 Iohanni
1177 2289 1188 2322 ³
1202 2289 1247 2354 ho
1262 2300 1399 2356 menato

171 2403 485 2490 principalmente‘¹
505 2427 565 2489 per
585 2403 608 2468 il
628 2401 791 2489 dissegno
814 2402 903 2470 della
920 2404 959 2468 Ρ.
980 2403 1023 2469 V.
1042 2405 1107 2470 che
1126 2401 1172 2468 mi
1195 2402 1317 2469 scrisse
1339 2402 1398 2489 gia

169 2519 257 2585 della
274 2518 509 2606 penitentiaria
522 2519 547 2602 ⁴,
566 2541 621 2586 ma
636 2539 732 2586 come
748 2517 793 2583 mi
810 2517 933 2585 scrisse
949 2517 1098 2586 ensieme
1118 2518 1184 2586 che
1201 2519 1358 2586 venendo
1376 2539 1397 2584 a

170 2635 316 2703 Venetia
331 2633 442 2721 potn‘a
457 2656 581 2721 prouar
598 2655 635 2701 se
647 2633 675 2700 si
687 2633 860 2719 potessino
872 2644 1021 2719 stampar
1032 2644 1153 2718 queste
1165 2653 1244 2700 cose
1255 2630 1335 2714 mie,
1351 2635 1397 2699 ha

171 2771 272 2834 parso
284 2751 315 2816 al
329 2750 440 2818 Padre
452 2749 623 2837 preposito
637 2751 648 2784 ⁵
661 2752 726 2818 che
739 2748 820 2815 resti
831 2770 899 2833 qua
912 2749 959 2815 fin
972 2752 1035 2815 che
1051 2748 1080 2814 si
1092 2749 1203 2817 vedda
1214 2751 1278 2816 che
1291 2749 1319 2815 si
1331 2771 1395 2835 po·

173 2864 225 2930 tris
243 2865 326 2932 fare.
345 2866 389 2931 Et
405 2864 514 2951 potria
529 2863 553 2929 il
569 2866 609 2931 P.
625 2863 766 2931 Iohanni
781 2862 911 2930 assistir
922 2863 989 2930 alla
1004 2875 1149 2951 stampa,
1164 2884 1201 2932 se
1214 2863 1242 2930 si
1258 2864 1396 2932 hauessi

173 2978 207 3046 di
223 2991 405 3066 stampare‚
424 3001 493 3046 non
509 2979 683 3046 essendosi
699 2980 786 3046 altro
801 2999 861 3065 per
875 2979 910 3044 di
927 3000 995 3064 qua
1006 2981 1071 3048 che
1087 2979 1173 3046 sacci
1186 2990 1308 3064 questo
1319 2981 1395 3046 offi-

173 3093 240 3162 cio.
268 3096 348 3162 Non
367 3094 396 3161 si
416 3095 613 3162 concludite
632 3100 747 3160 tamen
773 3094 808 3161 in
836 3105 958 3179 questo
985 3093 1125 3180 negotio
1150 3095 1239 3163 della
1266 3106 1397 3181 stampa

172 3210 299 3291 niente,
314 3233 417 3280 senza
431 3231 592 3297 expresso
609 3210 716 3278 orden
731 3211 821 3276 della
838 3212 878 3276 Ρ.
897 3211 956 3288 V.‚
975 3209 1030 3276 ehi
1047 3231 1192 3276 saranno
1209 3209 1257 3295 gli
1273 3231 1397 3277 censo-

172 3325 211 3406 ri,
229 3336 266 3392 et
281 3327 325 3392 da
340 3325 397 3392 chi
413 3326 607 3412 dependere
622 3325 646 3390 il
662 3324 826 3412 giudicio‚
840 3324 965 3411 perche
982 3324 1016 3391 io
1032 3324 1144 3391 vorrei
1156 3345 1249 3391 esser
1261 3323 1392 3410 sbriga·

224 3559 241 3592 ι
268 3548 352 3616 Aut,
374 3549 530 3622 gensi-¹³
545 3548 610 3602 Hoc
627 3547 710 3602 verb.
730 3563 818 3619 supra
835 3564 913 3600 vers.
928 3544 1040 3600 addidit
1057 3545 1147 3599 N,..e
1163 3559 1179 3599 2
1198 3545 1289 3600 verba
1307 3561 1391 3617 seqq.

171 3654 260 3710 supra
272 3654 350 3692 vers.
366 3636 478 3692 addidit
492 3636 584 3691 ΝΛ
599 3637 664 3692 Hoc
678 3638 765 3692 verb.
782 3652 870 3707 supra
882 3652 961 3690 vers.
975 3634 1088 3690 addidit
1101 3635 1139 3689 N.

227 3847 234 3878 ¹
273 3844 318 3898 Ex
330 3843 521 3915 autographo,
536 3843 566 3898 in
579 3841 675 3914 Epist.
691 3840 809 3905 Natat„
823 3841 862 3910 11,
876 3839 986 3912 duplici
999 3839 1062 3908 fol.²
1078 3839 1130 3894 260
1143 3839 1233 3910 (188).

224 3935 236 3966 '
274 3931 382 3988 Marius
399 3931 623 4004 Beringuccius.
647 3929 694 3986 Cf.
714 3930 913 3994 Saccumum
933 3930 987 3985 loc.
1005 3929 1075 3996 cit,
1093 3937 1175 4001 parte
1197 3929 1248 3996 IV,
1267 3927 1319 3983 lib.
1343 3929 1398 4000 IV,

172 4038 206 4076 n.
222 4032 270 4090 75.

223 4111 235 4144 ³
272 4111 402 4181 Joannes
413 4109 596 4165 Zonhovius.
614 4105 690 4162 Vide
703 4106 794 4179 epist.
810 4105 874 4162 603.

222 4200 235 4233 ⁴
272 4197 347 4252 Vide
362 4198 451 4270 epist.
469 4195 533 4264 6133
547 4205 577 4252 et
589 4196 654 4266 617.

220 4291 231 4323 ⁸
269 4286 407 4342 Canisius
428 4285 595 4359 praeposito
616 4283 764 4356 generali,
787 4281 966 4354 Oenipoute‚
991 4282 1023 4336 16
1046 4281 1230 4353 Septembris
1252 4281 1398 4348 scribens,

168 4392 255 4432 suurn
268 4376 399 4449 pandens
412 4375 601 4441 desiderium,
615 4380 648 4429 ut
661 4373 774 4428 Natalis
785 4372 860 4428 liber
878 4371 908 4426 in
921 4373 1017 4426 lucem
1035 4369 1181 4439 ederetur,
1199 4371 1273 4426 haec
1289 4369 1398 4425 refere-

170 4467 235 4521 bat:
248 4463 354 4536 «Quod
363 4464 397 4520 Ρ.
410 4463 522 4519 Natalis
533 4463 678 4517 Veronam
689 4463 788 4516 saluus
798 4459 977 4532 peruenerit,
986 4457 1161 4530 gaudemus,
1172 4466 1261 4532 atque
1270 4467 1303 4513 ut
1312 4475 1399 4514 suum

171 4571 257 4626 opus,
271 4554 328 4609 iam
351 4553 423 4609 satis
440 4554 621 4608 elaboratum
639 4549 799 4623 multisque
816 4551 985 4622 probatum,
1004 4547 1033 4602 in
1051 4548 1147 4602 lucem
1167 4546 1301 4603 Venetiis
1320 4547 1400 4617 edat,

171 4642 384 4698 desideramus.
399 4640 459 4696 Sed
472 4657 530 4696 non
543 4638 643 4712 faciet,
656 4639 714 4695 nisi
732 4639 809 4694 serio
823 4644 926 4708 urgeat
943 4636 980 4690 P.
997 4635 1045 4706 T.,
1058 4635 1142 4692 cuiue
1156 4651 1208 4690 nos
1221 4635 1357 4708 precibus
1371 4636 1402 4691 in

169 4731 300 4788 Domino
313 4730 399 4787 ualde
411 4729 679 4786 commendamus.»
692 4731 736 4783 Ex
750 4728 941 4799 autographo,
952 4725 982 4781 in
995 4725 1091 4796 Epist.
1105 4723 1236 4796 Canisii,
1249 4725 1285 4797 11,
1301 4739 1364 4795 294.
