<?xml version="1.0" encoding="UTF-8"?>
<!DOCTYPE html PUBLIC "-//W3C//DTD XHTML 1.0 Transitional//EN"
    "http://www.w3.org/TR/xhtml1/DTD/xhtml1-transitional.dtd">
<html xmlns="http://www.w3.org/1999/xhtml" xml:lang="en" lang="en">
 <head>
  <title>
</title>
<meta http-equiv="Content-Type" content="text/html;charset=utf-8" />
  <meta name='ocr-system' content='tesseract 3.04.00' />
  <meta name='ocr-capabilities' content='ocr_page ocr_carea ocr_par ocr_line ocrx_word'/>
</head>
<body>
  <div class='ocr_page' id='page_1' title='image "./epistolaephiero01nadagoog_0385.png"; bbox 0 0 3318 5376; ppageno 0'>
   <div class='ocr_carea' id='block_1_1' title="bbox 413 447 1239 561">
    <p class='ocr_par' dir='ltr' id='par_1_1' title="bbox 413 447 1239 561">
     <span class='ocr_line' id='line_1_1' title="bbox 413 447 1239 561; baseline -0.001 -16"><span class='ocrx_word' id='word_1_1' title='bbox 413 490 466 561; x_wconf 80' lang='lat'>346</span> <span class='ocrx_word' id='word_1_2' title='bbox 757 447 760 454; x_wconf 30' lang='grc' dir='ltr'>Ι</span> <span class='ocrx_word' id='word_1_3' title='bbox 795 491 900 548; x_wconf 76' lang='lat' dir='ltr'>Errsr.</span> <span class='ocrx_word' id='word_1_4' title='bbox 920 489 954 544; x_wconf 86' lang='lat' dir='ltr'>P.</span> <span class='ocrx_word' id='word_1_5' title='bbox 975 490 1176 560; x_wconf 72' lang='lat' dir='ltr'>Nabar—457</span> <span class='ocrx_word' id='word_1_6' title='bbox 1237 533 1239 536; x_wconf 90' lang='lat'>.</span> 
     </span>
    </p>
   </div>
   <div class='ocr_carea' id='block_1_2' title="bbox 311 641 1650 4062">
    <p class='ocr_par' dir='ltr' id='par_1_2' title="bbox 373 641 1585 730">
     <span class='ocr_line' id='line_1_2' title="bbox 373 641 1585 730; baseline 0 -20"><span class='ocrx_word' id='word_1_7' title='bbox 373 641 570 730; x_wconf 87' lang='lat' dir='ltr'>stampatori</span> <span class='ocrx_word' id='word_1_8' title='bbox 585 654 619 710; x_wconf 86' lang='lat' dir='ltr'>ct</span> <span class='ocrx_word' id='word_1_9' title='bbox 635 642 711 710; x_wconf 89' lang='lat' dir='ltr'>altri</span> <span class='ocrx_word' id='word_1_10' title='bbox 727 642 899 710; x_wconf 88' lang='lat' dir='ltr'><strong>catholici:</strong></span> <span class='ocrx_word' id='word_1_11' title='bbox 918 645 982 709; x_wconf 84' lang='lat' dir='ltr'>che</span> <span class='ocrx_word' id='word_1_12' title='bbox 996 641 1226 728; x_wconf 86' lang='lat' dir='ltr'>stampandosi</span> <span class='ocrx_word' id='word_1_13' title='bbox 1242 645 1299 708; x_wconf 91' lang='lat' dir='ltr'>vn’</span> <span class='ocrx_word' id='word_1_14' title='bbox 1324 641 1409 708; x_wconf 92' lang='lat' dir='ltr'>libro</span> <span class='ocrx_word' id='word_1_15' title='bbox 1430 641 1467 708; x_wconf 90' lang='lat' dir='ltr'>in</span> <span class='ocrx_word' id='word_1_16' title='bbox 1488 643 1585 710; x_wconf 84' lang='lat' dir='ltr'>Roma</span> 
     </span>
    </p>

    <p class='ocr_par' dir='ltr' id='par_1_3' title="bbox 311 756 1585 2340">
     <span class='ocr_line' id='line_1_3' title="bbox 311 756 1584 853; baseline 0 -29"><span class='ocrx_word' id='word_1_17' title='bbox 311 826 314 853; x_wconf 46' lang='grc' dir='ltr'>ι</span> <span class='ocrx_word' id='word_1_18' title='bbox 373 759 505 838; x_wconf 89' lang='lat' dir='ltr'>buono,</span> <span class='ocrx_word' id='word_1_19' title='bbox 531 779 628 826; x_wconf 88' lang='lat' dir='ltr'>come</span> <span class='ocrx_word' id='word_1_20' title='bbox 656 757 888 827; x_wconf 87' lang='lat' dir='ltr'>ultimamente</span> <span class='ocrx_word' id='word_1_21' title='bbox 908 757 931 824; x_wconf 92' lang='lat' dir='ltr'>il</span> <span class='ocrx_word' id='word_1_22' title='bbox 954 756 1172 840; x_wconf 66' lang='lat' dir='ltr'>cathecismo</span> <span class='ocrx_word' id='word_1_23' title='bbox 1197 759 1268 826; x_wconf 90' lang='lat' dir='ltr'>Sua</span> <span class='ocrx_word' id='word_1_24' title='bbox 1290 759 1362 826; x_wconf 73' lang='lat' dir='ltr'>Sta.</span> <span class='ocrx_word' id='word_1_25' title='bbox 1387 757 1584 844; x_wconf 84' lang='lat' dir='ltr'>prohibisce‚</span> 
     </span>
     <span class='ocr_line' id='line_1_4' title="bbox 373 871 1585 960; baseline -0.001 -21"><span class='ocrx_word' id='word_1_26' title='bbox 373 877 475 951; x_wconf 81' lang='lat' dir='ltr'>etiam</span> <span class='ocrx_word' id='word_1_27' title='bbox 494 872 555 938; x_wconf 82' lang='lat' dir='ltr'>sub</span> <span class='ocrx_word' id='word_1_28' title='bbox 567 881 676 960; x_wconf 83' lang='lat' dir='ltr'>poena</span> <span class='ocrx_word' id='word_1_29' title='bbox 692 873 1014 940; x_wconf 79' lang='lat' dir='ltr'>excomunicationis</span> <span class='ocrx_word' id='word_1_30' title='bbox 1029 873 1117 938; x_wconf 76' lang='lat' dir='ltr'>tatae</span> <span class='ocrx_word' id='word_1_31' title='bbox 1132 873 1326 952; x_wconf 80' lang='lat' dir='ltr'>sententiae,</span> <span class='ocrx_word' id='word_1_32' title='bbox 1341 874 1405 940; x_wconf 87' lang='lat' dir='ltr'>che</span> <span class='ocrx_word' id='word_1_33' title='bbox 1421 871 1543 938; x_wconf 89' lang='lat' dir='ltr'>nisuno</span> <span class='ocrx_word' id='word_1_34' title='bbox 1556 873 1585 938; x_wconf 94' lang='lat' dir='ltr'>lo</span> 
     </span>
     <span class='ocr_line' id='line_1_5' title="bbox 373 985 1584 1075; baseline -0.003 -19"><span class='ocrx_word' id='word_1_35' title='bbox 373 989 466 1075; x_wconf 85' lang='lat' dir='ltr'>possi</span> <span class='ocrx_word' id='word_1_36' title='bbox 482 999 662 1074; x_wconf 76' lang='lat' dir='ltr'>stampato,</span> <span class='ocrx_word' id='word_1_37' title='bbox 677 1010 797 1056; x_wconf 86' lang='lat' dir='ltr'>senon</span> <span class='ocrx_word' id='word_1_38' title='bbox 815 989 923 1057; x_wconf 91' lang='lat' dir='ltr'>Paulo</span> <span class='ocrx_word' id='word_1_39' title='bbox 937 988 1100 1068; x_wconf 83' lang='lat' dir='ltr'>Manutio‚</span> <span class='ocrx_word' id='word_1_40' title='bbox 1114 987 1139 1052; x_wconf 95' lang='grc'>11</span> <span class='ocrx_word' id='word_1_41' title='bbox 1149 990 1214 1055; x_wconf 83' lang='lat' dir='ltr'>che</span> <span class='ocrx_word' id='word_1_42' title='bbox 1224 986 1248 1052; x_wconf 93' lang='lat' dir='ltr'>li</span> <span class='ocrx_word' id='word_1_43' title='bbox 1263 985 1461 1073; x_wconf 85' lang='lat' dir='ltr'>stampatori</span> <span class='ocrx_word' id='word_1_44' title='bbox 1474 989 1584 1053; x_wconf 88' lang='lat' dir='ltr'>catho-</span> 
     </span>
     <span class='ocr_line' id='line_1_6' title="bbox 374 1100 1584 1190; baseline -0.002 -21"><span class='ocrx_word' id='word_1_45' title='bbox 374 1105 430 1171; x_wconf 86' lang='lat' dir='ltr'>lici</span> <span class='ocrx_word' id='word_1_46' title='bbox 457 1105 547 1170; x_wconf 92' lang='lat' dir='ltr'>hano</span> <span class='ocrx_word' id='word_1_47' title='bbox 566 1125 627 1190; x_wconf 92' lang='lat' dir='ltr'>per</span> <span class='ocrx_word' id='word_1_48' title='bbox 646 1125 734 1189; x_wconf 87' lang='lat' dir='ltr'>gran</span> <span class='ocrx_word' id='word_1_49' title='bbox 752 1105 866 1170; x_wconf 88' lang='lat' dir='ltr'>danno</span> <span class='ocrx_word' id='word_1_50' title='bbox 885 1124 960 1182; x_wconf 89' lang='lat' dir='ltr'>suo,</span> <span class='ocrx_word' id='word_1_51' title='bbox 978 1103 1101 1188; x_wconf 64' lang='lat' dir='ltr'>perebo</span> <span class='ocrx_word' id='word_1_52' title='bbox 1117 1111 1292 1188; x_wconf 86' lang='lat' dir='ltr'>stampano</span> <span class='ocrx_word' id='word_1_53' title='bbox 1313 1100 1371 1168; x_wconf 89' lang='lat' dir='ltr'>tali</span> <span class='ocrx_word' id='word_1_54' title='bbox 1390 1101 1469 1167; x_wconf 90' lang='lat' dir='ltr'>libri</span> <span class='ocrx_word' id='word_1_55' title='bbox 1489 1101 1511 1166; x_wconf 95' lang='lat' dir='ltr'>li</span> <span class='ocrx_word' id='word_1_56' title='bbox 1528 1103 1584 1166; x_wconf 91' lang='lat' dir='ltr'>he-</span> 
     </span>
     <span class='ocr_line' id='line_1_7' title="bbox 375 1216 1585 1303; baseline -0.002 -19"><span class='ocrx_word' id='word_1_57' title='bbox 375 1219 483 1303; x_wconf 85' lang='lat' dir='ltr'>retici,</span> <span class='ocrx_word' id='word_1_58' title='bbox 501 1230 536 1286; x_wconf 89' lang='lat' dir='ltr'>et</span> <span class='ocrx_word' id='word_1_59' title='bbox 551 1217 579 1286; x_wconf 89' lang='lat' dir='ltr'>si</span> <span class='ocrx_word' id='word_1_60' title='bbox 594 1219 739 1285; x_wconf 85' lang='lat' dir='ltr'>buriano</span> <span class='ocrx_word' id='word_1_61' title='bbox 755 1219 843 1286; x_wconf 83' lang='lat' dir='ltr'>della</span> <span class='ocrx_word' id='word_1_62' title='bbox 858 1217 1184 1298; x_wconf 87' lang='lat' dir='ltr'>excomunicatione;</span> <span class='ocrx_word' id='word_1_63' title='bbox 1202 1227 1237 1285; x_wconf 88' lang='lat' dir='ltr'>et</span> <span class='ocrx_word' id='word_1_64' title='bbox 1252 1216 1276 1282; x_wconf 94' lang='lat' dir='ltr'>li</span> <span class='ocrx_word' id='word_1_65' title='bbox 1291 1216 1367 1283; x_wconf 84' lang='lat' dir='ltr'>altri</span> <span class='ocrx_word' id='word_1_66' title='bbox 1382 1216 1551 1298; x_wconf 83' lang='lat' dir='ltr'>catholici,</span> <span class='ocrx_word' id='word_1_67' title='bbox 1567 1237 1585 1282; x_wconf 93' lang='lat' dir='ltr'>o</span> 
     </span>
     <span class='ocr_line' id='line_1_8' title="bbox 375 1330 1585 1419; baseline -0.003 -19"><span class='ocrx_word' id='word_1_68' title='bbox 375 1355 459 1400; x_wconf 87' lang='lat' dir='ltr'>sono</span> <span class='ocrx_word' id='word_1_69' title='bbox 475 1333 614 1400; x_wconf 86' lang='lat' dir='ltr'>sforzati</span> <span class='ocrx_word' id='word_1_70' title='bbox 634 1354 808 1419; x_wconf 88' lang='lat' dir='ltr'>comprare</span> <span class='ocrx_word' id='word_1_71' title='bbox 824 1331 927 1418; x_wconf 88' lang='lat' dir='ltr'>quelli</span> <span class='ocrx_word' id='word_1_72' title='bbox 946 1331 1023 1397; x_wconf 91' lang='lat' dir='ltr'>libri</span> <span class='ocrx_word' id='word_1_73' title='bbox 1037 1331 1117 1399; x_wconf 89' lang='lat' dir='ltr'>dalli</span> <span class='ocrx_word' id='word_1_74' title='bbox 1133 1331 1285 1412; x_wconf 85' lang='lat' dir='ltr'>heretici,</span> <span class='ocrx_word' id='word_1_75' title='bbox 1308 1352 1373 1398; x_wconf 92' lang='lat' dir='ltr'>con</span> <span class='ocrx_word' id='word_1_76' title='bbox 1389 1330 1537 1417; x_wconf 89' lang='lat' dir='ltr'>pericolo</span> <span class='ocrx_word' id='word_1_77' title='bbox 1556 1331 1585 1396; x_wconf 91' lang='lat' dir='ltr'>di</span> 
     </span>
     <span class='ocr_line' id='line_1_9' title="bbox 375 1443 1585 1534; baseline -0.003 -20"><span class='ocrx_word' id='word_1_78' title='bbox 375 1451 479 1516; x_wconf 85' lang='lat' dir='ltr'>esser’</span> <span class='ocrx_word' id='word_1_79' title='bbox 497 1448 649 1530; x_wconf 82' lang='lat' dir='ltr'>corrotti,</span> <span class='ocrx_word' id='word_1_80' title='bbox 666 1471 688 1516; x_wconf 94' lang='lat' dir='ltr'>o</span> <span class='ocrx_word' id='word_1_81' title='bbox 707 1470 744 1515; x_wconf 87' lang='lat' dir='ltr'>se</span> <span class='ocrx_word' id='word_1_82' title='bbox 760 1447 782 1514; x_wconf 95' lang='lat' dir='ltr'>li</span> <span class='ocrx_word' id='word_1_83' title='bbox 798 1451 947 1514; x_wconf 87' lang='lat' dir='ltr'>hannoa</span> <span class='ocrx_word' id='word_1_84' title='bbox 967 1468 1163 1534; x_wconf 86' lang='lat' dir='ltr'>comparare</span> <span class='ocrx_word' id='word_1_85' title='bbox 1182 1446 1226 1514; x_wconf 89' lang='lat' dir='ltr'>de</span> <span class='ocrx_word' id='word_1_86' title='bbox 1245 1443 1349 1531; x_wconf 90' lang='lat' dir='ltr'>quelli</span> <span class='ocrx_word' id='word_1_87' title='bbox 1368 1445 1403 1512; x_wconf 91' lang='lat' dir='ltr'>di</span> <span class='ocrx_word' id='word_1_88' title='bbox 1428 1449 1544 1526; x_wconf 87' lang='lat' dir='ltr'>Roma,</span> <span class='ocrx_word' id='word_1_89' title='bbox 1566 1445 1585 1510; x_wconf 88' lang='lat' dir='ltr'>li</span> 
     </span>
     <span class='ocr_line' id='line_1_10' title="bbox 375 1559 1585 1650; baseline -0.002 -21"><span class='ocrx_word' id='word_1_90' title='bbox 375 1584 597 1650; x_wconf 90' lang='lat' dir='ltr'>comprarano</span> <span class='ocrx_word' id='word_1_91' title='bbox 612 1563 776 1632; x_wconf 86' lang='lat' dir='ltr'>carissimi</span> <span class='ocrx_word' id='word_1_92' title='bbox 796 1570 905 1649; x_wconf 83' lang='lat' dir='ltr'>supra</span> <span class='ocrx_word' id='word_1_93' title='bbox 919 1563 1068 1628; x_wconf 87' lang='lat' dir='ltr'>modum.</span> <span class='ocrx_word' id='word_1_94' title='bbox 1088 1563 1114 1628; x_wconf 95' lang='lat' dir='ltr'>Il</span> <span class='ocrx_word' id='word_1_95' title='bbox 1134 1561 1276 1632; x_wconf 89' lang='lat' dir='ltr'>rimedio</span> <span class='ocrx_word' id='word_1_96' title='bbox 1295 1560 1330 1628; x_wconf 90' lang='lat' dir='ltr'>di</span> <span class='ocrx_word' id='word_1_97' title='bbox 1349 1572 1474 1648; x_wconf 89' lang='lat' dir='ltr'>questo</span> <span class='ocrx_word' id='word_1_98' title='bbox 1493 1559 1521 1628; x_wconf 85' lang='lat' dir='ltr'>si</span> <span class='ocrx_word' id='word_1_99' title='bbox 1539 1583 1585 1626; x_wconf 86' lang='lat' dir='ltr'>ra·</span> 
     </span>
     <span class='ocr_line' id='line_1_11' title="bbox 374 1675 1585 1766; baseline -0.004 -21"><span class='ocrx_word' id='word_1_100' title='bbox 374 1690 545 1765; x_wconf 84' lang='lat' dir='ltr'>presenta,</span> <span class='ocrx_word' id='word_1_101' title='bbox 564 1682 628 1748; x_wconf 89' lang='lat' dir='ltr'>che</span> <span class='ocrx_word' id='word_1_102' title='bbox 644 1678 666 1745; x_wconf 91' lang='lat' dir='ltr'>il</span> <span class='ocrx_word' id='word_1_103' title='bbox 686 1678 866 1766; x_wconf 85' lang='lat' dir='ltr'>priuilegio</span> <span class='ocrx_word' id='word_1_104' title='bbox 882 1679 926 1746; x_wconf 87' lang='lat' dir='ltr'>de</span> <span class='ocrx_word' id='word_1_105' title='bbox 942 1678 1050 1746; x_wconf 90' lang='lat' dir='ltr'>Paulo</span> <span class='ocrx_word' id='word_1_106' title='bbox 1066 1677 1225 1748; x_wconf 77' lang='lat' dir='ltr'>Manutio,</span> <span class='ocrx_word' id='word_1_107' title='bbox 1236 1675 1302 1744; x_wconf 86' lang='lat' dir='ltr'>fusi</span> <span class='ocrx_word' id='word_1_108' title='bbox 1318 1699 1377 1763; x_wconf 90' lang='lat' dir='ltr'>per</span> <span class='ocrx_word' id='word_1_109' title='bbox 1393 1687 1483 1744; x_wconf 86' lang='lat' dir='ltr'>tutte</span> <span class='ocrx_word' id='word_1_110' title='bbox 1498 1677 1529 1746; x_wconf 89' lang='lat' dir='ltr'>le</span> <span class='ocrx_word' id='word_1_111' title='bbox 1542 1677 1585 1742; x_wconf 91' lang='lat' dir='ltr'>al·</span> 
     </span>
     <span class='ocr_line' id='line_1_12' title="bbox 375 1790 1583 1878; baseline -0.002 -19"><span class='ocrx_word' id='word_1_112' title='bbox 375 1803 428 1862; x_wconf 87' lang='lat' dir='ltr'>tre</span> <span class='ocrx_word' id='word_1_113' title='bbox 443 1793 583 1876; x_wconf 90' lang='lat' dir='ltr'>nationi,</span> <span class='ocrx_word' id='word_1_114' title='bbox 602 1793 690 1861; x_wconf 86' lang='lat' dir='ltr'>fuori</span> <span class='ocrx_word' id='word_1_115' title='bbox 706 1795 749 1862; x_wconf 87' lang='grc'>(13</span> <span class='ocrx_word' id='word_1_116' title='bbox 768 1791 963 1874; x_wconf 86' lang='lat' dir='ltr'>Germania,</span> <span class='ocrx_word' id='word_1_117' title='bbox 981 1801 1016 1861; x_wconf 91' lang='lat' dir='ltr'>et</span> <span class='ocrx_word' id='word_1_118' title='bbox 1038 1795 1102 1860; x_wconf 86' lang='lat' dir='ltr'>che</span> <span class='ocrx_word' id='word_1_119' title='bbox 1118 1792 1221 1878; x_wconf 85' lang='lat' dir='ltr'>quelli</span> <span class='ocrx_word' id='word_1_120' title='bbox 1235 1795 1300 1860; x_wconf 88' lang='lat' dir='ltr'>che</span> <span class='ocrx_word' id='word_1_121' title='bbox 1314 1791 1349 1858; x_wconf 94' lang='lat' dir='ltr'>in</span> <span class='ocrx_word' id='word_1_122' title='bbox 1364 1791 1547 1860; x_wconf 88' lang='lat' dir='ltr'>Germania</span> <span class='ocrx_word' id='word_1_123' title='bbox 1561 1790 1583 1856; x_wconf 86' lang='lat' dir='ltr'>si</span> 
     </span>
     <span class='ocr_line' id='line_1_13' title="bbox 375 1905 1581 1995; baseline -0.003 -21"><span class='ocrx_word' id='word_1_124' title='bbox 375 1919 596 1994; x_wconf 87' lang='lat' dir='ltr'>stampasero,</span> <span class='ocrx_word' id='word_1_125' title='bbox 608 1931 678 1975; x_wconf 93' lang='lat' dir='ltr'>non</span> <span class='ocrx_word' id='word_1_126' title='bbox 688 1909 717 1975; x_wconf 87' lang='lat' dir='ltr'>si</span> <span class='ocrx_word' id='word_1_127' title='bbox 729 1918 910 1995; x_wconf 87' lang='lat' dir='ltr'>puotesero</span> <span class='ocrx_word' id='word_1_128' title='bbox 926 1907 1076 1976; x_wconf 80' lang='lat' dir='ltr'>uendere</span> <span class='ocrx_word' id='word_1_129' title='bbox 1087 1929 1124 1974; x_wconf 88' lang='lat' dir='ltr'>se</span> <span class='ocrx_word' id='word_1_130' title='bbox 1136 1907 1251 1974; x_wconf 91' lang='lat' dir='ltr'>nonin</span> <span class='ocrx_word' id='word_1_131' title='bbox 1262 1906 1461 1975; x_wconf 85' lang='lat' dir='ltr'>Germania.</span> <span class='ocrx_word' id='word_1_132' title='bbox 1471 1905 1581 1992; x_wconf 82' lang='lat' dir='ltr'>Questi</span> 
     </span>
     <span class='ocr_line' id='line_1_14' title="bbox 375 2020 1581 2110; baseline -0.003 -20"><span class='ocrx_word' id='word_1_133' title='bbox 375 2022 475 2110; x_wconf 90' lang='lat' dir='ltr'>punti</span> <span class='ocrx_word' id='word_1_134' title='bbox 494 2022 541 2090; x_wconf 93' lang='lat' dir='ltr'>mi</span> <span class='ocrx_word' id='word_1_135' title='bbox 556 2045 641 2090; x_wconf 85' lang='lat' dir='ltr'>sono</span> <span class='ocrx_word' id='word_1_136' title='bbox 661 2022 793 2090; x_wconf 91' lang='lat' dir='ltr'>occorsi</span> <span class='ocrx_word' id='word_1_137' title='bbox 812 2021 996 2092; x_wconf 83' lang='lat' dir='ltr'>vniuersali</span> <span class='ocrx_word' id='word_1_138' title='bbox 1010 2045 1071 2109; x_wconf 90' lang='lat' dir='ltr'>per</span> <span class='ocrx_word' id='word_1_139' title='bbox 1087 2033 1176 2090; x_wconf 85' lang='lat' dir='ltr'>tutta</span> <span class='ocrx_word' id='word_1_140' title='bbox 1190 2021 1386 2102; x_wconf 88' lang='lat' dir='ltr'>Germania,</span> <span class='ocrx_word' id='word_1_141' title='bbox 1413 2031 1449 2088; x_wconf 90' lang='grc'>31</span> <span class='ocrx_word' id='word_1_142' title='bbox 1471 2020 1517 2087; x_wconf 91' lang='lat' dir='ltr'>mi</span> <span class='ocrx_word' id='word_1_143' title='bbox 1529 2043 1581 2108; x_wconf 89' lang='lat' dir='ltr'>pa-</span> 
     </span>
     <span class='ocr_line' id='line_1_15' title="bbox 374 2135 1582 2224; baseline 0 -22"><span class='ocrx_word' id='word_1_144' title='bbox 374 2136 455 2204; x_wconf 93' lang='lat' dir='ltr'>iono</span> <span class='ocrx_word' id='word_1_145' title='bbox 471 2138 576 2204; x_wconf 93' lang='lat' dir='ltr'>molto</span> <span class='ocrx_word' id='word_1_146' title='bbox 588 2137 782 2224; x_wconf 89' lang='lat' dir='ltr'>importanti</span> <span class='ocrx_word' id='word_1_147' title='bbox 794 2148 829 2206; x_wconf 90' lang='grc'>31</span> <span class='ocrx_word' id='word_1_148' title='bbox 845 2137 986 2219; x_wconf 88' lang='lat' dir='ltr'>efficaci,</span> <span class='ocrx_word' id='word_1_149' title='bbox 1007 2146 1089 2218; x_wconf 84' lang='lat' dir='ltr'>etc.;</span> <span class='ocrx_word' id='word_1_150' title='bbox 1113 2159 1167 2204; x_wconf 90' lang='lat' dir='ltr'>ma</span> <span class='ocrx_word' id='word_1_151' title='bbox 1182 2137 1213 2202; x_wconf 94' lang='lat' dir='ltr'>la</span> <span class='ocrx_word' id='word_1_152' title='bbox 1236 2141 1275 2204; x_wconf 94' lang='grc' dir='ltr'>Ρ.</span> <span class='ocrx_word' id='word_1_153' title='bbox 1299 2138 1346 2205; x_wconf 90' lang='lat' dir='ltr'>V.</span> <span class='ocrx_word' id='word_1_154' title='bbox 1374 2136 1400 2203; x_wconf 93' lang='lat' dir='ltr'>li</span> <span class='ocrx_word' id='word_1_155' title='bbox 1420 2135 1582 2224; x_wconf 78' lang='lat' dir='ltr'>giudicara</span> 
     </span>
     <span class='ocr_line' id='line_1_16' title="bbox 374 2251 1329 2340; baseline -0.001 -22"><span class='ocrx_word' id='word_1_156' title='bbox 374 2253 482 2319; x_wconf 92' lang='lat' dir='ltr'>molto</span> <span class='ocrx_word' id='word_1_157' title='bbox 498 2251 636 2339; x_wconf 85' lang='lat' dir='ltr'>meglio.</span> <span class='ocrx_word' id='word_1_158' title='bbox 654 2251 738 2321; x_wconf 82' lang='lat' dir='ltr'>Dirb</span> <span class='ocrx_word' id='word_1_159' title='bbox 758 2254 878 2319; x_wconf 87' lang='lat' dir='ltr'>adesso</span> <span class='ocrx_word' id='word_1_160' title='bbox 893 2252 968 2319; x_wconf 92' lang='lat' dir='ltr'>altri</span> <span class='ocrx_word' id='word_1_161' title='bbox 984 2275 1044 2338; x_wconf 91' lang='lat' dir='ltr'>per</span> <span class='ocrx_word' id='word_1_162' title='bbox 1058 2253 1091 2318; x_wconf 87' lang='lat' dir='ltr'>la</span> <span class='ocrx_word' id='word_1_163' title='bbox 1106 2251 1329 2340; x_wconf 86' lang='lat' dir='ltr'>Compagnia.</span> 
     </span>
    </p>

    <p class='ocr_par' dir='ltr' id='par_1_4' title="bbox 363 2361 1650 4062">
     <span class='ocr_line' id='line_1_17' title="bbox 441 2361 1581 2456; baseline -0.005 -23"><span class='ocrx_word' id='word_1_164' title='bbox 441 2391 474 2456; x_wconf 87' lang='lat'>9.</span> <span class='ocrx_word' id='word_1_165' title='bbox 522 2369 560 2435; x_wconf 93' lang='lat' dir='ltr'>lo</span> <span class='ocrx_word' id='word_1_166' title='bbox 575 2370 622 2434; x_wconf 93' lang='lat' dir='ltr'>ho</span> <span class='ocrx_word' id='word_1_167' title='bbox 642 2367 837 2434; x_wconf 90' lang='lat' dir='ltr'>dimandato</span> <span class='ocrx_word' id='word_1_168' title='bbox 852 2389 913 2453; x_wconf 89' lang='lat' dir='ltr'>per</span> <span class='ocrx_word' id='word_1_169' title='bbox 928 2367 1064 2435; x_wconf 88' lang='lat' dir='ltr'>diuerse</span> <span class='ocrx_word' id='word_1_170' title='bbox 1079 2367 1200 2435; x_wconf 89' lang='lat' dir='ltr'>lettere</span> <span class='ocrx_word' id='word_1_171' title='bbox 1215 2367 1280 2434; x_wconf 89' lang='lat' dir='ltr'>alla</span> <span class='ocrx_word' id='word_1_172' title='bbox 1296 2369 1337 2434; x_wconf 91' lang='lat' dir='ltr'>P.</span> <span class='ocrx_word' id='word_1_173' title='bbox 1356 2368 1401 2435; x_wconf 91' lang='lat' dir='ltr'>V.</span> <span class='ocrx_word' id='word_1_174' title='bbox 1425 2366 1450 2433; x_wconf 91' lang='lat' dir='ltr'>li</span> <span class='ocrx_word' id='word_1_175' title='bbox 1468 2361 1581 2434; x_wconf 85' lang='lat' dir='ltr'>decreti</span> 
     </span>
     <span class='ocr_line' id='line_1_18' title="bbox 374 2475 1650 2570; baseline 0.002 -22"><span class='ocrx_word' id='word_1_176' title='bbox 374 2483 463 2549; x_wconf 90' lang='lat' dir='ltr'>della</span> <span class='ocrx_word' id='word_1_177' title='bbox 478 2482 532 2549; x_wconf 81' lang='lat'>2.‘</span> <span class='ocrx_word' id='word_1_178' title='bbox 548 2482 817 2570; x_wconf 86' lang='lat' dir='ltr'>congregatione</span> <span class='ocrx_word' id='word_1_179' title='bbox 832 2483 1005 2567; x_wconf 86' lang='lat' dir='ltr'>generale,</span> <span class='ocrx_word' id='word_1_180' title='bbox 1023 2480 1164 2549; x_wconf 88' lang='lat' dir='ltr'>comesi</span> <span class='ocrx_word' id='word_1_181' title='bbox 1180 2481 1415 2568; x_wconf 89' lang='lat' dir='ltr'>publicorono‚</span> <span class='ocrx_word' id='word_1_182' title='bbox 1439 2491 1473 2549; x_wconf 89' lang='lat' dir='ltr'>et</span> <span class='ocrx_word' id='word_1_183' title='bbox 1492 2481 1581 2546; x_wconf 81' lang='lat' dir='ltr'>etiam</span> <span class='ocrx_word' id='word_1_184' title='bbox 1649 2475 1650 2550; x_wconf 70' lang='grc'>1</span> 
     </span>
     <span class='ocr_line' id='line_1_19' title="bbox 374 2577 1582 2684; baseline -0.007 -18"><span class='ocrx_word' id='word_1_185' title='bbox 374 2607 521 2684; x_wconf 86' lang='lat' dir='ltr'>aparte,</span> <span class='ocrx_word' id='word_1_186' title='bbox 544 2618 642 2663; x_wconf 86' lang='lat' dir='ltr'>come</span> <span class='ocrx_word' id='word_1_187' title='bbox 662 2600 690 2662; x_wconf 89' lang='lat' dir='ltr'>s&#39;</span> <span class='ocrx_word' id='word_1_188' title='bbox 713 2597 845 2677; x_wconf 79' lang='lat' dir='ltr'>ordino,</span> <span class='ocrx_word' id='word_1_189' title='bbox 867 2597 1014 2662; x_wconf 59' lang='lat' dir='ltr'>actiones</span> <span class='ocrx_word' id='word_1_190' title='bbox 1037 2597 1132 2662; x_wconf 72' lang='lat' dir='ltr'>illius</span> <span class='ocrx_word' id='word_1_191' title='bbox 1155 2596 1449 2684; x_wconf 75' lang='lat' dir='ltr'>congregationis,</span> <span class='ocrx_word' id='word_1_192' title='bbox 1462 2577 1582 2682; x_wconf 59' lang='lat' dir='ltr'>¹perch&amp;</span> 
     </span>
     <span class='ocr_line' id='line_1_20' title="bbox 374 2708 1579 2798; baseline -0.005 -21"><span class='ocrx_word' id='word_1_193' title='bbox 374 2712 420 2777; x_wconf 93' lang='lat' dir='ltr'>mi</span> <span class='ocrx_word' id='word_1_194' title='bbox 448 2713 484 2778; x_wconf 87' lang='lat' dir='ltr'>tu</span> <span class='ocrx_word' id='word_1_195' title='bbox 511 2711 592 2779; x_wconf 91' lang='lat' dir='ltr'>dato</span> <span class='ocrx_word' id='word_1_196' title='bbox 618 2715 676 2777; x_wconf 88' lang='lat' dir='ltr'>vn&#39;</span> <span class='ocrx_word' id='word_1_197' title='bbox 704 2710 874 2798; x_wconf 88' lang='lat' dir='ltr'>essempio</span> <span class='ocrx_word' id='word_1_198' title='bbox 901 2708 980 2778; x_wconf 85' lang='lat' dir='ltr'>delli</span> <span class='ocrx_word' id='word_1_199' title='bbox 1006 2709 1135 2780; x_wconf 81' lang='lat' dir='ltr'>decreti</span> <span class='ocrx_word' id='word_1_200' title='bbox 1161 2710 1356 2778; x_wconf 85' lang='lat' dir='ltr'>incorretto.</span> <span class='ocrx_word' id='word_1_201' title='bbox 1380 2710 1579 2778; x_wconf 87' lang='lat' dir='ltr'>Dimandaua</span> 
     </span>
     <span class='ocr_line' id='line_1_21' title="bbox 373 2823 1649 2912; baseline -0.004 -18"><span class='ocrx_word' id='word_1_202' title='bbox 373 2826 475 2894; x_wconf 85' lang='lat' dir='ltr'>etiam</span> <span class='ocrx_word' id='word_1_203' title='bbox 492 2835 579 2895; x_wconf 89' lang='lat' dir='ltr'>tutte</span> <span class='ocrx_word' id='word_1_204' title='bbox 593 2827 626 2895; x_wconf 86' lang='lat' dir='ltr'>le</span> <span class='ocrx_word' id='word_1_205' title='bbox 642 2827 728 2894; x_wconf 88' lang='lat' dir='ltr'>altre</span> <span class='ocrx_word' id='word_1_206' title='bbox 747 2847 828 2895; x_wconf 86' lang='lat' dir='ltr'>cose</span> <span class='ocrx_word' id='word_1_207' title='bbox 844 2829 908 2892; x_wconf 87' lang='lat' dir='ltr'>che</span> <span class='ocrx_word' id='word_1_208' title='bbox 923 2827 956 2892; x_wconf 87' lang='lat' dir='ltr'>la</span> <span class='ocrx_word' id='word_1_209' title='bbox 972 2827 1012 2892; x_wconf 89' lang='lat' dir='ltr'>P.</span> <span class='ocrx_word' id='word_1_210' title='bbox 1031 2827 1075 2893; x_wconf 91' lang='lat' dir='ltr'>V.</span> <span class='ocrx_word' id='word_1_211' title='bbox 1093 2828 1138 2892; x_wconf 90' lang='lat' dir='ltr'>ha</span> <span class='ocrx_word' id='word_1_212' title='bbox 1154 2829 1239 2893; x_wconf 87' lang='lat' dir='ltr'>tatto</span> <span class='ocrx_word' id='word_1_213' title='bbox 1254 2823 1345 2912; x_wconf 85' lang='grc' dir='ltr'><strong>(11ροὶ</strong></span> <span class='ocrx_word' id='word_1_214' title='bbox 1361 2829 1427 2894; x_wconf 88' lang='lat' dir='ltr'>che</span> <span class='ocrx_word' id='word_1_215' title='bbox 1447 2828 1467 2894; x_wconf 79' lang='grc' dir='ltr'>ὲ</span> <span class='ocrx_word' id='word_1_216' title='bbox 1486 2845 1578 2912; x_wconf 87' lang='lat' dir='ltr'>gene·</span> <span class='ocrx_word' id='word_1_217' title='bbox 1648 2881 1649 2890; x_wconf 54' lang='lat'>.</span> 
     </span>
     <span class='ocr_line' id='line_1_22' title="bbox 373 2938 1579 3028; baseline -0.003 -22"><span class='ocrx_word' id='word_1_218' title='bbox 373 2941 454 3018; x_wconf 82' lang='lat' dir='ltr'>rale,</span> <span class='ocrx_word' id='word_1_219' title='bbox 472 2962 570 3008; x_wconf 90' lang='lat' dir='ltr'>come</span> <span class='ocrx_word' id='word_1_220' title='bbox 589 2941 705 3026; x_wconf 87' lang='lat' dir='ltr'>officij‚</span> <span class='ocrx_word' id='word_1_221' title='bbox 728 2938 950 3018; x_wconf 80' lang='lat' dir='ltr'>instruttioni,</span> <span class='ocrx_word' id='word_1_222' title='bbox 973 2951 1056 3024; x_wconf 75' lang='lat' dir='ltr'>etc,</span> <span class='ocrx_word' id='word_1_223' title='bbox 1078 2962 1100 3006; x_wconf 92' lang='lat' dir='ltr'>o</span> <span class='ocrx_word' id='word_1_224' title='bbox 1121 2939 1317 3022; x_wconf 87' lang='lat' dir='ltr'>vniuersali,</span> <span class='ocrx_word' id='word_1_225' title='bbox 1335 2962 1356 3007; x_wconf 93' lang='lat' dir='ltr'>o</span> <span class='ocrx_word' id='word_1_226' title='bbox 1376 2963 1438 3028; x_wconf 92' lang='lat' dir='ltr'>per</span> <span class='ocrx_word' id='word_1_227' title='bbox 1454 2941 1579 3010; x_wconf 86' lang='lat' dir='ltr'>Alama-</span> 
     </span>
     <span class='ocr_line' id='line_1_23' title="bbox 374 3054 1579 3144; baseline -0.005 -22"><span class='ocrx_word' id='word_1_228' title='bbox 374 3076 456 3142; x_wconf 86' lang='lat' dir='ltr'>gna,</span> <span class='ocrx_word' id='word_1_229' title='bbox 472 3065 507 3124; x_wconf 86' lang='lat' dir='ltr'>ct</span> <span class='ocrx_word' id='word_1_230' title='bbox 522 3057 567 3123; x_wconf 85' lang='lat' dir='ltr'>da</span> <span class='ocrx_word' id='word_1_231' title='bbox 583 3055 669 3123; x_wconf 87' lang='lat' dir='ltr'>tanti</span> <span class='ocrx_word' id='word_1_232' title='bbox 684 3055 769 3124; x_wconf 88' lang='lat' dir='ltr'>mesi</span> <span class='ocrx_word' id='word_1_233' title='bbox 788 3056 823 3122; x_wconf 91' lang='lat' dir='ltr'>in</span> <span class='ocrx_word' id='word_1_234' title='bbox 840 3077 920 3141; x_wconf 89' lang='lat' dir='ltr'>qua,</span> <span class='ocrx_word' id='word_1_235' title='bbox 943 3078 1021 3122; x_wconf 66' lang='lat' dir='ltr'>non⁴</span> <span class='ocrx_word' id='word_1_236' title='bbox 1033 3058 1078 3122; x_wconf 90' lang='lat' dir='ltr'>ho</span> <span class='ocrx_word' id='word_1_237' title='bbox 1099 3054 1268 3123; x_wconf 88' lang='lat' dir='ltr'>riceuutto</span> <span class='ocrx_word' id='word_1_238' title='bbox 1290 3078 1328 3126; x_wconf 84' lang='lat' dir='ltr'>se</span> <span class='ocrx_word' id='word_1_239' title='bbox 1351 3078 1422 3123; x_wconf 92' lang='lat' dir='ltr'>non</span> <span class='ocrx_word' id='word_1_240' title='bbox 1445 3055 1579 3144; x_wconf 84' lang='lat' dir='ltr'>officium</span> 
     </span>
     <span class='ocr_line' id='line_1_24' title="bbox 363 3171 1579 3259; baseline -0.002 -26"><span class='ocrx_word' id='word_1_241' title='bbox 363 3172 669 3252; x_wconf 79' lang='lat' dir='ltr'>‚visitatoris,&#39;etc.,</span> <span class='ocrx_word' id='word_1_242' title='bbox 687 3177 718 3236; x_wconf 83' lang='lat' dir='ltr'>at</span> <span class='ocrx_word' id='word_1_243' title='bbox 737 3177 812 3237; x_wconf 76' lang='lat' dir='ltr'>acta</span> <span class='ocrx_word' id='word_1_244' title='bbox 830 3173 969 3257; x_wconf 78' lang='lat' dir='ltr'>primae</span> <span class='ocrx_word' id='word_1_245' title='bbox 996 3173 1278 3259; x_wconf 80' lang='lat' dir='ltr'>congregationis</span> <span class='ocrx_word' id='word_1_246' title='bbox 1298 3177 1376 3257; x_wconf 86' lang='lat' dir='ltr'>post</span> <span class='ocrx_word' id='word_1_247' title='bbox 1403 3171 1579 3238; x_wconf 63' lang='lat' dir='ltr'>coctorum</span> 
     </span>
     <span class='ocr_line' id='line_1_25' title="bbox 368 3285 1580 3374; baseline -0.004 -23"><span class='ocrx_word' id='word_1_248' title='bbox 368 3287 557 3372; x_wconf 68' lang='lat' dir='ltr'>praepositi</span> <span class='ocrx_word' id='word_1_249' title='bbox 573 3287 764 3374; x_wconf 78' lang='lat' dir='ltr'>generalis.</span> <span class='ocrx_word' id='word_1_250' title='bbox 788 3285 912 3372; x_wconf 82' lang='lat' dir='ltr'>Questi</span> <span class='ocrx_word' id='word_1_251' title='bbox 935 3291 1049 3352; x_wconf 79' lang='lat' dir='ltr'>tamen</span> <span class='ocrx_word' id='word_1_252' title='bbox 1071 3285 1226 3367; x_wconf 84' lang='lat' dir='ltr'>secundi,</span> <span class='ocrx_word' id='word_1_253' title='bbox 1243 3285 1289 3354; x_wconf 91' lang='lat' dir='ltr'>ho</span> <span class='ocrx_word' id='word_1_254' title='bbox 1309 3285 1471 3355; x_wconf 86' lang='lat' dir='ltr'>riceuutti</span> <span class='ocrx_word' id='word_1_255' title='bbox 1497 3303 1580 3351; x_wconf 87' lang='lat' dir='ltr'>come</span> 
     </span>
     <span class='ocr_line' id='line_1_26' title="bbox 373 3397 1576 3488; baseline -0.002 -21"><span class='ocrx_word' id='word_1_256' title='bbox 373 3421 477 3467; x_wconf 91' lang='lat' dir='ltr'>erano</span> <span class='ocrx_word' id='word_1_257' title='bbox 491 3399 611 3487; x_wconf 87' lang='lat' dir='ltr'>prima,</span> <span class='ocrx_word' id='word_1_258' title='bbox 628 3422 698 3467; x_wconf 93' lang='lat' dir='ltr'>non</span> <span class='ocrx_word' id='word_1_259' title='bbox 713 3421 811 3468; x_wconf 90' lang='lat' dir='ltr'>come</span> <span class='ocrx_word' id='word_1_260' title='bbox 825 3400 946 3467; x_wconf 80' lang='lat' dir='ltr'>ordino</span> <span class='ocrx_word' id='word_1_261' title='bbox 961 3401 993 3468; x_wconf 87' lang='lat' dir='ltr'>la</span> <span class='ocrx_word' id='word_1_262' title='bbox 1006 3399 1059 3468; x_wconf 78' lang='lat'>2.⁵</span> <span class='ocrx_word' id='word_1_263' title='bbox 1075 3411 1092 3444; x_wconf 81' lang='lat'>⁸</span> <span class='ocrx_word' id='word_1_264' title='bbox 1111 3399 1379 3488; x_wconf 83' lang='lat' dir='ltr'>congregatione</span> <span class='ocrx_word' id='word_1_265' title='bbox 1391 3399 1544 3488; x_wconf 85' lang='lat' dir='ltr'>generale</span> <span class='ocrx_word' id='word_1_266' title='bbox 1560 3397 1576 3458; x_wconf 86' lang='lat'>¹.</span> 
     </span>
     <span class='ocr_line' id='line_1_27' title="bbox 373 3510 1647 3602; baseline -0.005 -21"><span class='ocrx_word' id='word_1_267' title='bbox 373 3516 431 3582; x_wconf 94' lang='lat' dir='ltr'>Ho</span> <span class='ocrx_word' id='word_1_268' title='bbox 446 3515 638 3582; x_wconf 85' lang='lat' dir='ltr'>desiderato</span> <span class='ocrx_word' id='word_1_269' title='bbox 654 3518 772 3584; x_wconf 86' lang='lat' dir='ltr'>hauer’</span> <span class='ocrx_word' id='word_1_270' title='bbox 790 3525 881 3583; x_wconf 87' lang='lat' dir='ltr'>tutto</span> <span class='ocrx_word' id='word_1_271' title='bbox 901 3524 1034 3601; x_wconf 63' lang='lat' dir='ltr'>questo</span> <span class='ocrx_word' id='word_1_272' title='bbox 1054 3516 1176 3596; x_wconf 89' lang='lat' dir='ltr'>Padre,</span> <span class='ocrx_word' id='word_1_273' title='bbox 1194 3537 1254 3602; x_wconf 91' lang='lat' dir='ltr'>per</span> <span class='ocrx_word' id='word_1_274' title='bbox 1270 3537 1340 3582; x_wconf 92' lang='lat' dir='ltr'>non</span> <span class='ocrx_word' id='word_1_275' title='bbox 1361 3535 1517 3583; x_wconf 85' lang='lat' dir='ltr'>mancare</span> <span class='ocrx_word' id='word_1_276' title='bbox 1533 3510 1579 3577; x_wconf 92' lang='lat' dir='ltr'>del</span> <span class='ocrx_word' id='word_1_277' title='bbox 1646 3595 1647 3598; x_wconf 8' lang='grc' dir='ltr'><strong>Ἴ</strong></span> 
     </span>
     <span class='ocr_line' id='line_1_28' title="bbox 372 3628 1574 3716; baseline -0.002 -21"><span class='ocrx_word' id='word_1_278' title='bbox 372 3629 441 3695; x_wconf 91' lang='lat' dir='ltr'>mio</span> <span class='ocrx_word' id='word_1_279' title='bbox 456 3628 568 3697; x_wconf 87' lang='lat' dir='ltr'>officio</span> <span class='ocrx_word' id='word_1_280' title='bbox 583 3639 618 3696; x_wconf 92' lang='lat' dir='ltr'>et</span> <span class='ocrx_word' id='word_1_281' title='bbox 633 3629 748 3698; x_wconf 87' lang='lat' dir='ltr'>debito</span> <span class='ocrx_word' id='word_1_282' title='bbox 767 3633 831 3698; x_wconf 89' lang='lat' dir='ltr'>che</span> <span class='ocrx_word' id='word_1_283' title='bbox 846 3632 893 3698; x_wconf 93' lang='lat' dir='ltr'>V.</span> <span class='ocrx_word' id='word_1_284' title='bbox 918 3633 957 3698; x_wconf 93' lang='lat' dir='ltr'>P.</span> <span class='ocrx_word' id='word_1_285' title='bbox 977 3633 1022 3696; x_wconf 86' lang='lat' dir='ltr'>m’</span> <span class='ocrx_word' id='word_1_286' title='bbox 1047 3630 1195 3716; x_wconf 89' lang='lat' dir='ltr'>impone.</span> <span class='ocrx_word' id='word_1_287' title='bbox 1219 3631 1341 3699; x_wconf 91' lang='lat' dir='ltr'>Veddo</span> <span class='ocrx_word' id='word_1_288' title='bbox 1362 3632 1429 3699; x_wconf 85' lang='lat' dir='ltr'>che</span> <span class='ocrx_word' id='word_1_289' title='bbox 1448 3629 1476 3697; x_wconf 88' lang='lat' dir='ltr'>si</span> <span class='ocrx_word' id='word_1_290' title='bbox 1495 3647 1574 3694; x_wconf 89' lang='lat' dir='ltr'>man·</span> 
     </span>
     <span class='ocr_line' id='line_1_29' title="bbox 371 3742 1577 3831; baseline -0.004 -21"><span class='ocrx_word' id='word_1_291' title='bbox 371 3744 462 3812; x_wconf 89' lang='lat' dir='ltr'>dano</span> <span class='ocrx_word' id='word_1_292' title='bbox 479 3743 534 3811; x_wconf 88' lang='lat' dir='ltr'>alli</span> <span class='ocrx_word' id='word_1_293' title='bbox 549 3743 750 3831; x_wconf 91' lang='lat' dir='ltr'>prouinciali</span> <span class='ocrx_word' id='word_1_294' title='bbox 764 3746 869 3812; x_wconf 83' lang='lat' dir='ltr'>molte</span> <span class='ocrx_word' id='word_1_295' title='bbox 883 3766 975 3828; x_wconf 87' lang='lat' dir='ltr'>cose,</span> <span class='ocrx_word' id='word_1_296' title='bbox 993 3756 1028 3814; x_wconf 88' lang='lat' dir='ltr'>et</span> <span class='ocrx_word' id='word_1_297' title='bbox 1044 3767 1063 3811; x_wconf 92' lang='lat' dir='ltr'>a</span> <span class='ocrx_word' id='word_1_298' title='bbox 1079 3767 1134 3814; x_wconf 93' lang='lat' dir='ltr'>me</span> <span class='ocrx_word' id='word_1_299' title='bbox 1154 3744 1280 3826; x_wconf 83' lang='lat' dir='ltr'>niente3</span> <span class='ocrx_word' id='word_1_300' title='bbox 1298 3755 1333 3811; x_wconf 87' lang='grc'>31</span> <span class='ocrx_word' id='word_1_301' title='bbox 1349 3751 1463 3812; x_wconf 79' lang='lat' dir='ltr'>tamen</span> <span class='ocrx_word' id='word_1_302' title='bbox 1478 3744 1509 3810; x_wconf 93' lang='lat' dir='ltr'>io</span> <span class='ocrx_word' id='word_1_303' title='bbox 1526 3742 1577 3806; x_wconf 84' lang='lat' dir='ltr'>de·</span> 
     </span>
     <span class='ocr_line' id='line_1_30' title="bbox 371 3855 1646 3952; baseline -0.005 -26"><span class='ocrx_word' id='word_1_304' title='bbox 371 3859 529 3928; x_wconf 84' lang='lat' dir='ltr'>sideraua</span> <span class='ocrx_word' id='word_1_305' title='bbox 543 3860 685 3926; x_wconf 85' lang='lat' dir='ltr'>hauerlo</span> <span class='ocrx_word' id='word_1_306' title='bbox 700 3861 745 3928; x_wconf 92' lang='lat' dir='ltr'>da</span> <span class='ocrx_word' id='word_1_307' title='bbox 760 3861 776 3904; x_wconf 68' lang='lat' dir='ltr'>b</span> <span class='ocrx_word' id='word_1_308' title='bbox 794 3883 855 3947; x_wconf 89' lang='lat' dir='ltr'>per</span> <span class='ocrx_word' id='word_1_309' title='bbox 867 3883 933 3941; x_wconf 88' lang='lat' dir='ltr'>me,</span> <span class='ocrx_word' id='word_1_310' title='bbox 948 3861 1093 3928; x_wconf 88' lang='lat' dir='ltr'>dimano</span> <span class='ocrx_word' id='word_1_311' title='bbox 1105 3860 1194 3927; x_wconf 86' lang='lat' dir='ltr'>della</span> <span class='ocrx_word' id='word_1_312' title='bbox 1206 3863 1245 3928; x_wconf 92' lang='lat' dir='ltr'>P.</span> <span class='ocrx_word' id='word_1_313' title='bbox 1262 3862 1321 3942; x_wconf 89' lang='lat' dir='ltr'>V.,</span> <span class='ocrx_word' id='word_1_314' title='bbox 1335 3870 1370 3928; x_wconf 87' lang='grc'>31</span> <span class='ocrx_word' id='word_1_315' title='bbox 1382 3861 1464 3930; x_wconf 86' lang='lat' dir='ltr'>dare</span> <span class='ocrx_word' id='word_1_316' title='bbox 1474 3855 1577 3926; x_wconf 86' lang='lat' dir='ltr'>ordine</span> <span class='ocrx_word' id='word_1_317' title='bbox 1645 3911 1646 3952; x_wconf 12' lang='grc' dir='ltr'>ἐ</span> 
     </span>
     <span class='ocr_line' id='line_1_31' title="bbox 371 3955 1646 4062; baseline -0.002 -23"><span class='ocrx_word' id='word_1_318' title='bbox 371 3974 408 4040; x_wconf 90' lang='lat' dir='ltr'>in</span> <span class='ocrx_word' id='word_1_319' title='bbox 423 3973 506 4061; x_wconf 87' lang='lat' dir='ltr'>ogni</span> <span class='ocrx_word' id='word_1_320' title='bbox 521 3995 603 4042; x_wconf 89' lang='lat' dir='ltr'>cosa</span> <span class='ocrx_word' id='word_1_321' title='bbox 618 3997 679 4060; x_wconf 87' lang='lat' dir='ltr'>per</span> <span class='ocrx_word' id='word_1_322' title='bbox 693 3997 756 4042; x_wconf 89' lang='lat' dir='ltr'>sua</span> <span class='ocrx_word' id='word_1_323' title='bbox 771 3975 1022 4044; x_wconf 88' lang='lat' dir='ltr'>commissione.</span> <span class='ocrx_word' id='word_1_324' title='bbox 1040 3977 1085 4042; x_wconf 92' lang='lat' dir='ltr'>Et</span> <span class='ocrx_word' id='word_1_325' title='bbox 1104 3975 1127 4040; x_wconf 91' lang='lat' dir='ltr'>li</span> <span class='ocrx_word' id='word_1_326' title='bbox 1144 3973 1209 4043; x_wconf 88' lang='lat' dir='ltr'>mei</span> <span class='ocrx_word' id='word_1_327' title='bbox 1225 3961 1422 4062; x_wconf 82' lang='lat' dir='ltr'>essempla&#39;ri</span> <span class='ocrx_word' id='word_1_328' title='bbox 1437 3978 1543 4042; x_wconf 88' lang='lat' dir='ltr'>hanno</span> <span class='ocrx_word' id='word_1_329' title='bbox 1562 3987 1578 4032; x_wconf 90' lang='lat' dir='ltr'>a</span> <span class='ocrx_word' id='word_1_330' title='bbox 1645 3955 1646 3962; x_wconf 28' lang='lat'>¹</span> 
     </span>
    </p>
   </div>
   <div class='ocr_carea' id='block_1_3' title="bbox 372 4173 1578 4337">
    <p class='ocr_par' dir='ltr' id='par_1_5' title="bbox 372 4159 1646 4337">
     <span class='ocr_line' id='line_1_32' title="bbox 426 4173 1578 4253; baseline -0.005 -21"><span class='ocrx_word' id='word_1_331' title='bbox 426 4187 443 4220; x_wconf 79' lang='lat'>⁸</span> <span class='ocrx_word' id='word_1_332' title='bbox 469 4175 527 4232; x_wconf 89' lang='lat' dir='ltr'>Hic</span> <span class='ocrx_word' id='word_1_333' title='bbox 539 4193 678 4234; x_wconf 82' lang='lat' dir='ltr'>numerus</span> <span class='ocrx_word' id='word_1_334' title='bbox 690 4177 807 4236; x_wconf 79' lang='lat' dir='ltr'>additus</span> <span class='ocrx_word' id='word_1_335' title='bbox 821 4187 868 4235; x_wconf 82' lang='lat' dir='ltr'>est</span> <span class='ocrx_word' id='word_1_336' title='bbox 880 4197 967 4253; x_wconf 85' lang='lat' dir='ltr'>supra</span> <span class='ocrx_word' id='word_1_337' title='bbox 977 4197 1057 4236; x_wconf 82' lang='lat' dir='ltr'>vers.</span> <span class='ocrx_word' id='word_1_338' title='bbox 1072 4180 1227 4236; x_wconf 63' lang='lat' dir='ltr'>aliha-b</span> <span class='ocrx_word' id='word_1_339' title='bbox 1248 4179 1331 4236; x_wconf 84' lang='lat' dir='ltr'>Haec</span> <span class='ocrx_word' id='word_1_340' title='bbox 1343 4177 1483 4252; x_wconf 80' lang='lat' dir='ltr'>particula</span> <span class='ocrx_word' id='word_1_341' title='bbox 1494 4173 1578 4233; x_wconf 77' lang='lat' dir='ltr'>addita</span> 
     </span>
     <span class='ocr_line' id='line_1_33' title="bbox 372 4266 733 4337; baseline 0.003 -16"><span class='ocrx_word' id='word_1_342' title='bbox 372 4273 420 4321; x_wconf 78' lang='lat' dir='ltr'>est</span> <span class='ocrx_word' id='word_1_343' title='bbox 436 4281 524 4337; x_wconf 78' lang='lat' dir='ltr'>supra</span> <span class='ocrx_word' id='word_1_344' title='bbox 536 4282 618 4322; x_wconf 88' lang='lat' dir='ltr'>vers.</span> <span class='ocrx_word' id='word_1_345' title='bbox 636 4282 654 4321; x_wconf 87' lang='lat' dir='ltr'>a</span> <span class='ocrx_word' id='word_1_346' title='bbox 666 4266 733 4322; x_wconf 91' lang='lat' dir='ltr'>libr.</span> 
     </span>
    </p>
   </div>
   <div class='ocr_carea' id='block_1_4' title="bbox 373 4371 570 4382">
    <p class='ocr_par' dir='ltr' id='par_1_6' title="bbox 373 4371 570 4382">
     <span class='ocr_line' id='line_1_34' title="bbox 373 4371 570 4382; baseline 0 -2"><span class='ocrx_word' id='word_1_347' title='bbox 373 4371 570 4382; x_wconf 75' lang='lat'>——---</span> 
     </span>
    </p>
   </div>
   <div class='ocr_carea' id='block_1_5' title="bbox 426 4413 1577 4493">
    <p class='ocr_par' dir='ltr' id='par_1_7' title="bbox 426 4413 1577 4493">
     <span class='ocr_line' id='line_1_35' title="bbox 426 4413 1577 4493; baseline 0 -21"><span class='ocrx_word' id='word_1_348' title='bbox 426 4419 433 4452; x_wconf 90' lang='lat'><strong>¹</strong></span> <span class='ocrx_word' id='word_1_349' title='bbox 471 4415 505 4472; x_wconf 88' lang='lat' dir='ltr'>In</span> <span class='ocrx_word' id='word_1_350' title='bbox 518 4417 621 4473; x_wconf 87' lang='lat' dir='ltr'>codice</span> <span class='ocrx_word' id='word_1_351' title='bbox 633 4419 755 4492; x_wconf 83' lang='lat' dir='ltr'>antiquo</span> <span class='ocrx_word' id='word_1_352' title='bbox 772 4419 942 4487; x_wconf 84' lang='lat' dir='ltr'>Societatis,</span> <span class='ocrx_word' id='word_1_353' title='bbox 959 4419 1009 4493; x_wconf 87' lang='lat' dir='ltr'>qui</span> <span class='ocrx_word' id='word_1_354' title='bbox 1026 4436 1104 4476; x_wconf 85' lang='lat' dir='ltr'>nunc</span> <span class='ocrx_word' id='word_1_355' title='bbox 1122 4427 1220 4476; x_wconf 82' lang='lat' dir='ltr'>exstat</span> <span class='ocrx_word' id='word_1_356' title='bbox 1233 4417 1264 4475; x_wconf 88' lang='lat' dir='ltr'>in</span> <span class='ocrx_word' id='word_1_357' title='bbox 1279 4419 1400 4476; x_wconf 83' lang='lat' dir='ltr'>archivo</span> <span class='ocrx_word' id='word_1_358' title='bbox 1411 4423 1520 4476; x_wconf 79' lang='lat' dir='ltr'>secreto</span> <span class='ocrx_word' id='word_1_359' title='bbox 1532 4413 1577 4468; x_wconf 73' lang='lat' dir='ltr'>Vt·</span> 
     </span>
    </p>
   </div>
   <div class='ocr_carea' id='block_1_6' title="bbox 367 4503 1576 4760">
    <p class='ocr_par' dir='ltr' id='par_1_8' title="bbox 367 4503 1576 4760">
     <span class='ocr_line' id='line_1_36' title="bbox 371 4503 1576 4580; baseline -0.001 -19"><span class='ocrx_word' id='word_1_360' title='bbox 371 4503 479 4579; x_wconf 84' lang='lat' dir='ltr'>ticano,</span> <span class='ocrx_word' id='word_1_361' title='bbox 490 4523 524 4562; x_wconf 84' lang='lat' dir='ltr'>n.</span> <span class='ocrx_word' id='word_1_362' title='bbox 540 4506 558 4561; x_wconf 88' lang='lat'><strong>6</strong></span> <span class='ocrx_word' id='word_1_363' title='bbox 570 4515 706 4563; x_wconf 84' lang='lat' dir='ltr'>recenter</span> <span class='ocrx_word' id='word_1_364' title='bbox 717 4507 845 4580; x_wconf 78' lang='lat' dir='ltr'>signato,</span> <span class='ocrx_word' id='word_1_365' title='bbox 860 4509 1007 4564; x_wconf 85' lang='lat' dir='ltr'>habentur</span> <span class='ocrx_word' id='word_1_366' title='bbox 1019 4509 1099 4564; x_wconf 86' lang='lat' dir='ltr'>varia</span> <span class='ocrx_word' id='word_1_367' title='bbox 1111 4507 1289 4566; x_wconf 76' lang='lat' dir='ltr'>documenta</span> <span class='ocrx_word' id='word_1_368' title='bbox 1300 4507 1349 4565; x_wconf 91' lang='lat' dir='ltr'>hic</span> <span class='ocrx_word' id='word_1_369' title='bbox 1366 4525 1384 4564; x_wconf 77' lang='lat' dir='ltr'>a</span> <span class='ocrx_word' id='word_1_370' title='bbox 1400 4505 1495 4564; x_wconf 78' lang='lat' dir='ltr'>Natali</span> <span class='ocrx_word' id='word_1_371' title='bbox 1511 4517 1576 4560; x_wconf 82' lang='lat' dir='ltr'>com·</span> 
     </span>
     <span class='ocr_line' id='line_1_37' title="bbox 371 4593 1573 4671; baseline -0.004 -22"><span class='ocrx_word' id='word_1_372' title='bbox 371 4602 542 4665; x_wconf 81' lang='lat' dir='ltr'>memorata,</span> <span class='ocrx_word' id='word_1_373' title='bbox 555 4601 586 4651; x_wconf 87' lang='lat' dir='ltr'>et</span> <span class='ocrx_word' id='word_1_374' title='bbox 599 4596 669 4652; x_wconf 89' lang='lat' dir='ltr'>olim</span> <span class='ocrx_word' id='word_1_375' title='bbox 682 4598 719 4652; x_wconf 82' lang='lat' dir='ltr'>ab</span> <span class='ocrx_word' id='word_1_376' title='bbox 732 4596 796 4670; x_wconf 82' lang='lat' dir='ltr'>ipso</span> <span class='ocrx_word' id='word_1_377' title='bbox 808 4599 942 4670; x_wconf 78' lang='lat' dir='ltr'>collecta,</span> <span class='ocrx_word' id='word_1_378' title='bbox 958 4607 990 4653; x_wconf 88' lang='lat' dir='ltr'>ut</span> <span class='ocrx_word' id='word_1_379' title='bbox 1003 4615 1041 4653; x_wconf 84' lang='lat' dir='ltr'>ex</span> <span class='ocrx_word' id='word_1_380' title='bbox 1055 4597 1141 4654; x_wconf 85' lang='lat' dir='ltr'>titulo</span> <span class='ocrx_word' id='word_1_381' title='bbox 1153 4597 1263 4655; x_wconf 79' lang='lat' dir='ltr'>codicia</span> <span class='ocrx_word' id='word_1_382' title='bbox 1276 4597 1399 4666; x_wconf 86' lang='lat' dir='ltr'>eruitur,</span> <span class='ocrx_word' id='word_1_383' title='bbox 1417 4597 1466 4671; x_wconf 86' lang='lat' dir='ltr'>qui</span> <span class='ocrx_word' id='word_1_384' title='bbox 1482 4595 1520 4651; x_wconf 76' lang='lat' dir='ltr'>itt</span> <span class='ocrx_word' id='word_1_385' title='bbox 1533 4593 1573 4646; x_wconf 80' lang='lat' dir='ltr'>ha·</span> 
     </span>
     <span class='ocr_line' id='line_1_38' title="bbox 367 4683 1401 4760; baseline 0.007 -23"><span class='ocrx_word' id='word_1_386' title='bbox 367 4683 430 4738; x_wconf 87' lang='lat' dir='ltr'>bet:</span> <span class='ocrx_word' id='word_1_387' title='bbox 451 4685 545 4741; x_wconf 81' lang='lat' dir='ltr'>Varia</span> <span class='ocrx_word' id='word_1_388' title='bbox 558 4687 599 4741; x_wconf 84' lang='lat' dir='ltr'>ad</span> <span class='ocrx_word' id='word_1_389' title='bbox 613 4686 789 4742; x_wconf 78' lang='lat' dir='ltr'>Societatem</span> <span class='ocrx_word' id='word_1_390' title='bbox 799 4689 1037 4760; x_wconf 78' lang='lat' dir='ltr'>pertinentia...</span> <span class='ocrx_word' id='word_1_391' title='bbox 1053 4687 1176 4745; x_wconf 77' lang='lat' dir='ltr'>collecta</span> <span class='ocrx_word' id='word_1_392' title='bbox 1187 4705 1208 4744; x_wconf 77' lang='lat' dir='ltr'>a</span> <span class='ocrx_word' id='word_1_393' title='bbox 1221 4689 1261 4744; x_wconf 92' lang='lat' dir='ltr'>P.</span> <span class='ocrx_word' id='word_1_394' title='bbox 1279 4685 1401 4744; x_wconf 76' lang='lat' dir='ltr'>Natali.</span> 
     </span>
    </p>
   </div>
   <div class='ocr_carea' id='block_1_7' title="bbox 0 0 1664 5376">
    <p class='ocr_par' dir='ltr' id='par_1_9' title="bbox 0 0 1664 5376">
     <span class='ocr_line' id='line_1_39' title="bbox 0 0 1664 5376; baseline 0 0"><span class='ocrx_word' id='word_1_395' title='bbox 0 0 1664 5376; x_wconf 95' lang='lat' dir='ltr'> </span> 
     </span>
    </p>
   </div>
  </div>
 </body>
</html>
