3322 5370
426 471 480 528 402
812 457 917 512 Emer.
938 455 972 510 P.
992 453 1197 526 Naum-467

392 609 595 690 canonican,
614 619 650 678 et
665 610 688 676 il
703 610 849 696 disegno
869 606 904 674 di
924 608 985 674 dar
1006 627 1053 674 un
1076 606 1298 694 parrochiano
1314 629 1335 674 a
1350 605 1410 694 piri
1429 607 1620 694 perrochie,

392 746 458 794 con
475 725 552 792 altri
569 724 691 794 ricordi
707 725 743 790 di
758 726 803 792 V.
823 725 879 804 R.,
898 722 999 790 furno
1015 721 1086 790 dati
1101 723 1133 790 al
1149 744 1247 810 papa.
1265 723 1345 790 Non
1359 721 1544 789 habbiamo
1560 744 1620 788 an-

391 861 475 907 cora
490 843 619 908 hauuto
635 839 792 926 risposta.
811 839 877 906 Fra
892 838 940 925 gl'
958 837 1035 904 altri
1051 858 1088 904 se
1101 837 1125 903 li
1140 837 1241 905 diede
1256 839 1365 904 anche
1380 838 1459 922 quel
1469 836 1616 920 ricordo,

392 959 457 1024 che
472 955 497 1022 li
512 954 668 1022 catholici
681 955 762 1022 tutti
778 952 947 1040 preghino
958 974 1019 1040 per
1030 952 1053 1018 li
1065 952 1218 1034 heretici,
1232 963 1267 1022 et
1277 953 1391 1040 quello
1405 955 1517 1021 anche
1529 952 1616 1019 delio

392 1080 610 1157 stampatore.
638 1069 696 1138 Gli
723 1068 790 1136 acti
817 1069 906 1136 della
927 1066 1181 1155 congregacion
1208 1067 1315 1153 prima
1341 1089 1410 1154 qua
1436 1089 1507 1135 non
1534 1089 1614 1136 sono

394 1185 512 1252 aconei
532 1206 668 1266 ancora,
686 1205 784 1252 come
798 1185 823 1249 l'
840 1183 960 1252 ordino
982 1184 1015 1249 la
1033 1184 1181 1251 seconda
1196 1183 1475 1270 congregatione.
1496 1183 1569 1269 Qui
1590 1183 1616 1249 si

395 1301 564 1368 mandano
584 1300 607 1366 11
627 1301 755 1370 decreti
779 1300 868 1367 della
887 1300 981 1368 detta
1002 1298 1085 1381 2⁶⁸,
1103 1301 1167 1366 che
1183 1300 1228 1366 V.
1246 1301 1287 1366 R.
1306 1297 1456 1378 ricerca;
1481 1310 1517 1368 et
1537 1301 1616 1366 altre

394 1436 487 1496 cose,
501 1437 599 1484 come
611 1415 639 1482 si
651 1437 798 1504 possano
810 1414 936 1502 copiar‚
950 1413 1235 1495 simandaranno;
1249 1424 1284 1482 et
1295 1435 1333 1483 se
1344 1415 1467 1484 alcune
1479 1414 1509 1480 si
1526 1436 1616 1482 man-

395 1531 485 1596 dano
511 1530 568 1597 alli
594 1529 805 1618 prouintiali‚
828 1529 858 1596 si
880 1529 1060 1616 prettende
1082 1530 1145 1596 che
1171 1527 1207 1595 in
1229 1528 1337 1614 primo
1359 1531 1435 1596 loco
1457 1531 1480 1595 l’
1499 1529 1615 1596 habbia

396 1645 440 1712 V.
459 1646 499 1712 R.
520 1645 643 1730 Queile
666 1644 875 1712 meditationi
892 1643 920 1711 si
941 1644 1066 1712 uederai
1086 1645 1196 1710 anche
1216 1642 1251 1709 di
1272 1643 1454 1725 mandarli,
1472 1666 1569 1714 come
1588 1643 1612 1712 si

395 1759 504 1846 potra.
529 1761 631 1828 Certe
651 1762 736 1828 altre
756 1758 965 1826 instruttioni
986 1761 1050 1828 che
1072 1760 1116 1825 V.
1135 1761 1176 1826 R.
1195 1758 1306 1826 scriue
1322 1761 1385 1827 che
1406 1759 1441 1827 io
1455 1761 1545 1827 dana
1560 1781 1612 1846 per

395 1873 625 1944 comunicarle
641 1875 696 1942 alli
713 1874 881 1956 tudeschi‚
899 1895 967 1941 non
983 1874 1030 1940 mi
1046 1874 1178 1940 ricordo
1194 1874 1285 1960 quali
1301 1874 1408 1941 siano:
1426 1876 1459 1942 ci
1475 1873 1608 1962 pensard

395 1988 431 2055 di
450 2011 561 2076 sopra.
585 1991 682 2057 Nelle
703 1987 914 2056 annotationi
935 2009 1035 2075 sopra
1056 1990 1088 2055 le
1108 1988 1342 2056 constitutioni
1356 2012 1426 2056 non
1445 1989 1545 2056 andai
1561 1988 1607 2054 in-

396 2103 512 2186 nanzi3
535 2104 722 2172 solamente
743 2106 787 2170 ho
808 2104 892 2172 fatto
917 2125 963 2170 un
985 2104 1133 2171 sumario
1156 2126 1176 2171 a
1198 2103 1266 2170 mio
1293 2106 1405 2172 modo:
1432 2127 1470 2173 se
1498 2115 1606 2190 questo

397 2220 510 2302 uorra,
529 2219 631 2306 glielo
647 2221 818 2287 mandarb.

465 2352 496 2416 7.
545 2337 624 2420 Qua
640 2337 778 2402 attende
793 2335 816 2401 il
835 2338 874 2403 P.
895 2334 1129 2420 Ribadeneyra
1144 2356 1164 2401 a
1180 2345 1324 2402 mettere
1340 2334 1376 2401 in
1389 2335 1507 2403 ordine
1517 2337 1548 2401 ia
1561 2333 1607 2400 hi-

398 2448 502 2516 storia
519 2450 554 2516 di
569 2461 686 2517 nostro
703 2453 744 2518 P.
762 2449 909 2537 ignatio,
927 2449 961 2515 di
985 2461 1082 2518 santa
1105 2449 1277 2518 memoria.
1296 2452 1340 2518 V.
1359 2453 1401 2518 R.
1419 2449 1452 2516 ci
1469 2449 1573 2518 mandi
1587 2448 1605 2512 11

399 2563 508 2630 scritti
524 2567 587 2632 che
604 2565 695 2634 tiene
711 2588 732 2632 a
746 2578 868 2650 questo
884 2566 1069 2652 proposito,
1087 2587 1108 2631 0
1123 2566 1156 2630 le
1172 2565 1269 2652 copie
1281 2564 1316 2631 di
1327 2567 1453 2651 quelle,
1467 2577 1501 2633 et
1512 2566 1605 2632 anche
1653 2585 1654 2673 7

400 2701 438 2749 se
452 2679 488 2745 di
504 2691 620 2746 nostro
638 2683 677 2748 P.
698 2683 835 2766 Laynez
851 2703 894 2748 ne
914 2679 1051 2748 hauessi
1072 2680 1216 2765 qualche
1237 2701 1332 2762 cosa;
1347 2682 1473 2768 perche
1492 2679 1519 2748 si
1537 2700 1603 2768 pro-

399 2796 519 2861 curari
544 2795 578 2860 di
603 2797 738 2862 cauarle
761 2795 795 2862 in
819 2806 927 2864 netto.
950 2795 1141 2864 Vederemo
1160 2817 1197 2862 se
1221 2795 1358 2864 Giouan
1380 2798 1534 2876 Battista,
1550 2796 1603 2860 che

400 2919 499 2976 staua
515 2909 550 2976 in
565 2909 742 2992 Fiorenza‚
760 2911 857 2996 potra
874 2921 988 2977 tornar
1003 2909 1039 2976 in
1053 2911 1249 2979 Germania.
1269 2913 1313 2977 Et
1327 2932 1394 2980 con
1410 2923 1529 2999 questo
1543 2907 1601 2974 sard

401 3025 486 3106 fine,
513 3027 837 3094 raccomandandoci
856 3025 936 3093 tutti
959 3027 1063 3092 molto
1082 3027 1171 3092 nelle
1190 3026 1332 3094 orationi
1352 3039 1388 3094 et
1407 3025 1554 3110 sacrificij
1573 3020 1601 3087 di
1651 3117 1652 3122 7

401 3141 446 3207 V.
465 3141 505 3206 R.
525 3149 560 3207 et
574 3141 629 3208 del
646 3142 686 3207 Ρ.
706 3141 882 3208 Ximenez.
900 3139 945 3208 Di
961 3142 1080 3220 Roma,
1099 3141 1142 3208 26
1158 3140 1192 3208 di
1208 3141 1350 3210 Febraio
1372 3144 1470 3228 1567.
1651 3131 1652 3195 1

470 3257 540 3322 Por
555 3265 645 3324 estar
661 3277 705 3341 oy
719 3256 887 3342 purgado‚
906 3257 978 3322 solo
998 3255 1070 3323 dire
1085 3277 1152 3340 que
1167 3277 1211 3342 yo
1226 3277 1281 3325 me
1296 3258 1386 3324 hailo
1402 3281 1485 3344 muy
1498 3273 1600 3322 conso·

402 3370 479 3436 lado
495 3393 538 3439 en
555 3382 651 3438 tener
663 3377 683 3438 a
695 3373 742 3440 V.
761 3372 802 3437 R.
821 3392 864 3438 en
880 3392 973 3439 essas
985 3381 1108 3457 partes¹
1127 3393 1149 3456 y
1165 3372 1232 3457 doy
1249 3371 1380 3458 gracias
1393 3374 1425 3439 ai
1441 3375 1543 3443 Senot
1552 3387 1601 3453 por
1650 3363 1651 3457 1

401 3486 479 3565 ello,
510 3485 767 3572 pareciendome
790 3508 856 3552 van
879 3487 929 3552 las
952 3506 1048 3553 cosas
1072 3486 1307 3571 mejordmdose
1331 3482 1599 3554 innominata

403 3621 458 3669 me
474 3599 600 3667 inclino
616 3607 635 3667 a
651 3600 760 3668 seruir
774 3601 807 3668 al
822 3602 932 3670 Sedor
946 3621 989 3668 en
1006 3599 1203 3681 Germania,
1220 3623 1243 3686 y
1259 3623 1324 3669 con
1340 3603 1502 3690 sujectos,
1519 3615 1598 3666 cono

402 3717 436 3783 10
452 3719 543 3803 hago
559 3738 664 3803 agora
679 3738 745 3783 con
768 3719 795 3784 F
796 3717 949 3783 rancisco
965 3715 1116 3785 Antonio
1132 3719 1153 3797 ¹,
1168 3737 1235 3802 que
1258 3739 1296 3786 es
1323 3739 1391 3785 una
1413 3720 1520 3786 buena
1539 3711 1596 3800 pie·

456 3946 465 3980 ¹
504 3949 540 4003 P.
561 3949 733 4004 Franciscus
755 3947 901 4004 Antonius
919 3946 1121 4004 Vindobonam
1138 3965 1204 4003 cum
1222 3949 1259 4004 P.
1284 3949 1446 4006 Bertrando
1462 3949 1497 4004 de
1511 3940 1597 4000 Cetina
1648 3933 1649 3981 1

402 4034 488 4090 adiit.
514 4036 560 4092 De
582 4035 639 4092 illis
660 4037 733 4093 haec
750 4035 835 4108 juvat
856 4045 969 4107 notare,
991 4053 1028 4090 ex
1050 4035 1138 4092 variis
1161 4035 1253 4092 Patris
1272 4037 1337 4092 Van
1361 4039 1460 4094 Meurs
1476 4033 1543 4092 notis
1558 4027 1596 4082 dn

404 4132 547 4196 prompta:
563 4124 612 4179 «P.
627 4125 755 4180 Beltram
773 4123 809 4179 de
823 4123 938 4192 Cetina,
951 4122 1118 4195 gaditanus,
1130 4131 1216 4179 natus
1232 4123 1309 4196 1537Ι
1328 4125 1477 4196 ingressus
1492 4117 1597 4176 societt-
1647 4161 1648 4168 .

405 4221 465 4269 tem
479 4213 588 4268 Romae
601 4227 636 4282 24
645 4214 721 4269 Dec.
739 4213 807 4283 1564
817 4213 877 4285 jam
890 4212 1036 4268 sacerdos:
1047 4219 1114 4285 post
1123 4211 1324 4284 probationem
1334 4213 1388 4270 ivit
1399 4215 1596 4278 Loretnmcon·
1647 4181 1648 4243 1

405 4300 545 4358 {essenus
562 4302 592 4358 in
610 4301 843 4374 poenitentiam,
861 4309 892 4358 et
912 4301 981 4357 dein
993 4318 1060 4357 cum
1082 4301 1116 4356 P.
1139 4302 1245 4357 Fraac.
1267 4303 1395 4360 Antonio
1411 4303 1464 4360 ivit
1480 4299 1596 4354 Viennam

403 4389 482 4447 eirca
497 4393 613 4461 1567...
631 4391 763 4447 Viennae
776 4399 839 4447 erat
851 4389 1047 4446 confessarius
1060 4390 1222 4446 ordinarius
1240 4390 1374 4447 italorum
1394 4403 1424 4448 et
1441 4391 1595 4462 hispanorum

406 4480 436 4535 in
458 4481 595 4551 collegio.
617 4479 770 4535 Professus
788 4479 805 4534 3
821 4487 884 4537 vot.
904 4493 937 4550 24
951 4479 1047 4551 April.
1067 4491 1170 4549 1571.»
1183 4481 1230 4536 De
1243 4479 1371 4536 Antonio
1387 4479 1497 4554 scripsit
1512 4465 1595 4538 [30¹8ia

406 4569 576 4640 provinciali
587 4569 736 4640 Ananiae,
746 4568 904 4625 Laurentio
913 4568 1020 4640 Magio,
1031 4567 1079 4624 die
1088 4569 1105 4624 8
1115 4569 1267 4625 Februarii
1280 4569 1357 4640 1567,
1367 4589 1441 4644 quae
1450 4567 1592 4640 sequunturl

405 4655 464 4710 «Mi
478 4673 531 4712 son
542 4657 664 4713 risoiuto
677 4656 796 4712 mandat
808 4657 839 4714 in
852 4656 966 4713 Vienna
978 4658 999 4714 il
1018 4657 1051 4713 P.
1065 4657 1221 4714 Francisco
1240 4660 1381 4732 Antonio,
1395 4651 1591 4716 beschemen
1645 4675 1646 4767 7
