3318 5376
409 458 461 516 274
796 446 901 500 Errsr.
921 443 955 498 P.
976 441 1179 513 Nepet-439

372 597 661 666 determinandosi
681 595 715 662 di
738 595 910 684 seguitare
932 617 999 664 vne
1024 595 1216 678 cirimonie,
1242 605 1278 664 et
1303 595 1629 681 particolarmente

373 715 463 779 neila
483 714 555 779 loro
571 734 693 792 messa,
713 715 776 779 che
796 714 816 778 ὲ
836 733 938 780 senza
957 732 1089 779 canone
1111 710 1404 778 ordinariamente:
1432 721 1476 778 et
1505 733 1626 796 quan-

372 829 417 894 do
435 829 537 895 fanno
553 829 586 894 la
602 849 686 894 cena
702 829 786 908 loro,
806 838 956 894 mettono
971 827 1056 895 altre
1072 828 1186 913 parole
1201 829 1265 894 che
1281 826 1354 910 noi,
1371 828 1442 892 loco
1462 827 1624 892 careonis

372 943 550 1022 calliolici;
566 954 601 1009 et
617 943 858 1028 speciaimente
873 941 902 1009 si
922 941 1014 1025 dice,
1032 945 1095 1010 che
1110 943 1224 1008 hanno
1245 944 1350 1009 eletto
1369 941 1565 1028 seguitare
1590 941 1623 1008 le

372 1057 548 1126 cirimonie
559 1059 714 1124 ecclesiae
726 1061 834 1145 (come
845 1056 967 1123 dicono
982 1058 1065 1144 loro)
1077 1058 1381 1147 norimbergensis.
1396 1057 1466 1123 Fin
1482 1057 1620 1124 adesso

373 1195 442 1238 non
464 1171 633 1258 possiamo
654 1193 773 1258 sapere
793 1174 878 1239 altra
904 1192 1030 1238 nuoua.
1055 1174 1103 1239 La
1130 1173 1250 1240 lettera
1269 1171 1297 1238 si
1318 1173 1337 1239 ἑ
1359 1171 1619 1238 comineiataa

373 1289 456 1355 iare.
482 1290 641 1354 Partenio
661 1287 797 1354 domani
817 1289 918 1354 Mtro.
941 1285 1079 1354 Canisio
1098 1299 1133 1356 et
1153 1287 1185 1354 io
1205 1309 1264 1374 per
1284 1288 1494 1371 Monachi0,
1522 1289 1618 1354 douc

373 1424 530 1488 sapremo
545 1403 568 1467 il
585 1413 678 1469 certo
694 1402 728 1468 di
744 1412 834 1468 tutto
850 1403 905 1468 dal
920 1403 1123 1472 cancellario
1148 1403 1254 1472 Echio
1270 1405 1292 1484 ¹,
1311 1414 1346 1472 et
1362 1403 1501 1471 faremo
1519 1415 1617 1470 tutto

372 1517 395 1581 l'
415 1516 529 1583 officio
545 1519 609 1583 che
625 1527 779 1602 potremo
794 1515 1111 1598 caldissimamente,
1130 1528 1165 1586 et
1180 1518 1316 1599 conlui,
1335 1531 1370 1586 et
1381 1520 1435 1586 col
1449 1521 1566 1599 duca,
1581 1528 1617 1584 et

372 1632 426 1697 col
442 1631 625 1712 cardinale,
644 1643 678 1699 ct
695 1653 762 1699 con
778 1633 801 1697 l'
820 1631 1038 1718 Eysingrerio
1053 1635 1080 1716 ¹,
1102 1653 1167 1699 con
1182 1634 1214 1699 la
1233 1634 1344 1720 gratia
1359 1635 1413 1700 del
1435 1634 1610 1720 Signore,

372 1761 407 1814 et
424 1745 579 1812 liniremo
595 1748 626 1812 la
643 1748 762 1815 lettera
779 1769 843 1814 con
859 1767 940 1815 uere
956 1747 1194 1815 informationi.
1210 1750 1236 1814 Il
1248 1747 1395 1834 Signore
1406 1748 1439 1815 ci
1451 1749 1609 1814 aiutera.

371 1862 435 1928 Dei
452 1861 597 1948 negocio
614 1863 647 1927 di
664 1863 775 1948 Spira,
793 1865 838 1929 ho
853 1861 963 1930 inteso
979 1863 1011 1929 la
1027 1864 1165 1930 uolonta
1180 1865 1269 1932 della
1286 1867 1326 1930 P.
1344 1865 1398 1931 V.:
1412 1865 1446 1930 la
1458 1885 1608 1931 essecu-

372 1979 445 2043 tero
470 1975 529 2062 piri
551 1977 743 2044 facilmente
769 1999 833 2044 con
854 1979 886 2044 la
907 1976 1016 2064 gratia
1037 1979 1092 2048 del
1112 1979 1269 2064 Signore.
1296 1982 1362 2046 Per
1384 1989 1514 2064 questa
1537 2001 1605 2044 non

372 2111 511 2158 occorre
528 2093 625 2157 altro.
646 2093 670 2158 ll
691 2091 838 2178 Signore
857 2093 907 2159 sia
927 2115 991 2160 con
1013 2093 1080 2160 noi.
1104 2093 1178 2160 Ora
1193 2101 1262 2180 pro
1284 2095 1393 2179 nobis,
1409 2097 1539 2162 Pater.
1560 2097 1601 2160 D'

373 2206 526 2289 Ispruch,
546 2205 600 2272 alli
619 2225 661 2272 20
677 2208 710 2272 d’
730 2209 875 2274 Ottobre
897 2209 994 2291 1566.
1014 2211 1067 2276 De
1084 2211 1123 2275 P.
1143 2211 1186 2276 V.
1205 2231 1305 2276 seruo
1321 2231 1364 2276 en
1381 2209 1460 2293 X.⁰‚

1184 2334 1368 2512 †Nipn.
1395 2335 1417 2423 i

438 2551 621 2636 Inscriptio
636 2554 671 2616 in
690 2557 814 2638 quarta
826 2555 978 2640 pagina:
989 2556 1088 2642 Jhus.
1108 2556 1153 2621 Al
1169 2557 1275 2622 molto
1291 2557 1377 2624 Rd0.
1396 2570 1519 2624 nostro
1535 2561 1599 2624 Pa·

371 2665 431 2730 dre
455 2665 488 2730 in
517 2669 606 2751 Xpo.
636 2666 660 2731 il
686 2670 724 2733 Ρ.
753 2669 941 2734 Francesco
965 2669 1106 2755 Borgia,
1138 2671 1308 2756 preposito
1324 2675 1488 2758 generale
1510 2673 1596 2738 della

369 2780 582 2865 Compagnia
594 2781 720 2869 diJesir
733 2794 814 2861 etc,
828 2783 863 2848 in
879 2785 994 2849 Roma.
1005 2785 1084 2849 Alia
1097 2807 1215 2850 inanit:
1227 2809 1258 2854 e.
1274 2809 1319 2853 m.
1330 2789 1421 2855 Alia:
1433 2790 1476 2856 C.
1500 2789 1590 2872 1566.

369 2896 522 2980 Ispruch.
544 2899 583 2962 P.
602 2899 734 2964 Nataie.
756 2917 798 2964 20
814 2897 847 2963 di
864 2900 1020 2966 Ottobre.
1048 2903 1236 2988 Vestigium
1253 2904 1375 2990 sigilli.

933 3040 1025 3102 nso

697 3139 736 3203 Ρ.
769 3139 1077 3208 HIERONYMUS
1101 3143 1266 3209 NADAL

624 3241 810 3302 SANCTO
835 3243 1096 3305 FRANCISCO
1119 3249 1175 3302 DE
1200 3248 1346 3322 BORJA

723 3345 915 3403 ominosam,
930 3348 964 3388 20
978 3347 1132 3392 ocronnrs
1149 3337 1216 3404 1566
1226 3339 1247 3390 ³.

368 3443 397 3483 1.
419 3428 585 3502 Collegium
600 3446 660 3482 non
674 3429 742 3484 berre
752 3432 898 3502 procedit,
913 3432 1014 3486 Dirsii
1022 3435 1213 3504 potissimum
1231 3449 1406 3492 canem-2.
1425 3437 1515 3494 Aliae
1527 3453 1589 3491 cau·

404 3535 454 3572 sne
463 3521 669 3589 exponuntur.
681 3533 737 3588 -3.
753 3519 799 3574 De
811 3519 1005 3592 confessarils
1021 3523 1215 3595 reginarum:
1233 3523 1427 3596 difficultates
1441 3527 1534 3598 hujus
1546 3541 1589 3577 ne·

401 3607 492 3679 golii:
507 3607 641 3662 remedia
655 3609 847 3678 apponendo.

442 3723 467 3771 1.
518 3703 539 3790 i
556 3705 679 3783 Padre,
697 3705 731 3771 lo
746 3706 788 3773 de
805 3706 920 3791 lspruc
936 3708 1007 3772 vull
1023 3708 1151 3777 scriure
1167 3733 1186 3776 a
1203 3712 1246 3777 V.
1267 3712 1306 3777 P.
1322 3724 1429 3797 apart.
1446 3714 1508 3780 Est
1522 3710 1587 3778 col-

427 3937 433 3968 ¹
472 3931 574 3988 Simon
589 3933 763 3989 Thaddaeus
776 3935 895 4001 Eckius,
909 3935 992 3991 ducis
1007 3939 1147 3993 Bavariae
1160 3941 1361 3997 cancellarius.

423 4029 434 4058 ²
472 4022 613 4077 Martinus
627 4023 812 4095 Eisengrein,
826 4022 934 4096 dequo
947 4025 1014 4080 vide
1027 4027 1296 4102 BRAUNSBERGER,
1310 4031 1368 4086 loc.
1386 4032 1454 4102 cit.,
1466 4033 1519 4104 111,
1528 4031 1584 4098 321,

371 4110 591 4182 403‚683,etc.

423 4203 434 4234 ³
474 4201 517 4254 Ex
529 4201 722 4272 autographo,
736 4200 765 4255 in
781 4201 879 4273 Epist.
897 4202 1020 4273 Nalal.,
1034 4204 1073 4276 11,
1086 4203 1197 4276 duplici
1214 4206 1283 4279 foi,
1307 4221 1370 4278 152.
1392 4209 1529 4266 Sermone
1544 4223 1583 4262 ca·

370 4289 516 4348 talaunico
528 4307 581 4343 seu
596 4289 779 4360 majoricensi
793 4290 884 4344 utitur
899 4291 1010 4346 Natalis
1024 4292 1053 4348 in
1067 4295 1120 4348 hac
1134 4295 1269 4368 epistola,
1280 4299 1387 4354 secreti
1395 4299 1502 4370 gratia.
1521 4295 1585 4352 Vide

370 4379 448 4434 dicta
461 4396 558 4450 supra,
577 4379 668 4450 epist.
690 4377 753 4450 360,
771 4397 804 4433 n.
825 4380 854 4450 6,
873 4379 903 4435 in
920 4381 1119 4438 annotatione.
1144 4385 1230 4440 Plura
1248 4386 1437 4443 nihilominus
1455 4386 1583 4444 vocabula

370 4484 408 4522 ex
421 4468 519 4522 italico
532 4469 579 4522 vel
591 4467 713 4538 hispano
724 4483 857 4523 sermone
868 4468 1020 4540 irrepsisse
1034 4489 1121 4526 nemo
1135 4473 1298 4544 mirabitur,
1311 4476 1361 4548 qui
1373 4476 1402 4532 in
1415 4486 1538 4534 mentem
1547 4491 1582 4528 re·

368 4565 456 4611 vocet
471 4557 604 4611 Natalem
616 4557 676 4628 jam
695 4559 732 4611 ab
749 4557 833 4612 annis
853 4557 973 4624 triginta
987 4566 1017 4613 et
1030 4560 1154 4632 amplius
1172 4579 1306 4618 sermone
1324 4565 1419 4638 patrio
1436 4583 1493 4621 non
1511 4578 1581 4620 usum

366 4642 471 4700 fuisse.
495 4645 557 4700 Sic.
575 4663 591 4700 e
622 4663 655 4716 g.
674 4644 790 4718 scripsit
803 4665 868 4700 mas
880 4664 932 4718 pro
946 4666 1016 4714 mes,
1030 4651 1111 4705 della
1125 4653 1224 4723 prode
1238 4653 1280 4718 ln,
1294 4655 1401 4710 dentre
1413 4671 1465 4727 pro
1482 4657 1580 4718 diune,
