3456 5386
627 511 830 582 4111111566
922 565 928 570 ,
1253 529 1301 572 101

153 663 271 748 dentino;
285 666 405 752 perche
420 675 475 733 sta
491 665 582 735 bene
598 665 663 734 che
674 665 878 734 consentino
888 663 924 732 in
937 668 1055 735 hauer'
1068 671 1153 753 pac'e
1164 689 1229 734 con
1242 667 1265 734 li
1277 671 1341 736 he-

152 779 223 847 retici
235 779 254 845 li
266 779 433 864 catholici,
450 791 487 848 et
502 790 620 851 tamen
635 779 775 850 credino
788 787 877 848 tutto
889 782 1003 866 quello
1014 785 1079 851 che
1091 782 1123 849 ci
1135 785 1154 850 ἐ
1166 783 1210 852 de
1221 783 1339 871 dogrni

149 895 349 964 nelooncilio:
373 898 392 964 ὁ
413 897 495 966 ben’
518 917 602 966 uero
623 899 701 977 che,
719 895 967 964 considerando
994 897 1133 964 alchuni
1155 898 1277 986 luoghi
1302 910 1338 967 et

147 1019 215 1076 tutto
227 1010 248 1076 il
260 1031 403 1094 recessa,
421 1011 615 1099 puotrebbe
630 1011 779 1077 alchuno
793 1011 937 1098 pigliare
952 1013 1098 1100 qualche
1112 1013 1300 1100 suspitione
1315 1036 1337 1081 o

142 1125 365 1212 presumptione
377 1128 443 1195 che
455 1125 485 1193 si
497 1125 627 1194 facesse
640 1126 767 1193 alchun
782 1125 971 1213 preiudicio
988 1127 1020 1195 al
1032 1127 1188 1208 concili0‚
1207 1140 1336 1213 quanto

140 1239 182 1305 alli
193 1240 311 1327 dogmi:
328 1263 397 1324 ma,
415 1239 600 1310 facendoli
617 1240 776 1309 catholici
791 1242 937 1310 alchuna
953 1243 1179 1312 accettatione
1198 1243 1334 1328 publica

136 1367 164 1422 et
178 1355 311 1442 legitima
326 1356 363 1422 di
384 1357 512 1444 quello,
534 1355 564 1424 si
583 1357 776 1443 puotrebbe
794 1357 911 1425 leuare
930 1369 1051 1443 questa
1067 1357 1266 1445 suspitione.
1290 1360 1333 1425 Et

134 1469 288 1538 undemci
309 1474 328 1538 e
348 1474 557 1558 parso,h01²
575 1471 710 1538 saccino
732 1481 854 1557 questa
875 1471 1100 1541 accettatione
1115 1471 1139 1538 li
1159 1472 1331 1556 catholici,

132 1585 190 1650 hor
203 1608 280 1667 non,
298 1589 364 1657 che
380 1609 453 1655 non
468 1585 498 1654 si
513 1585 622 1654 faccia
645 1588 678 1653 la
697 1585 942 1673 protestatione
963 1587 1075 1654 insino
1090 1609 1110 1654 a
1131 1598 1243 1668 tanto,
1268 1591 1333 1656 che

131 1721 179 1767 sua
190 1702 304 1769 santitri
319 1703 370 1769 sia
386 1701 569 1784 aduertita,
588 1712 623 1771 et
638 1702 668 1768 si
684 1702 812 1771 risolua
827 1703 861 1768 d'
879 1703 962 1789 ogni
978 1724 1070 1770 cosa.

182 1817 240 1884 Per
254 1817 513 1888 confirmatione
528 1817 563 1884 di
578 1827 713 1902 questo,
731 1838 812 1904 pare
823 1820 888 1884 che
900 1817 990 1886 nelle
1001 1817 1188 1885 conditioni
1204 1819 1260 1886 del
1276 1839 1331 1885 re-

131 1949 207 1998 cessu
220 1934 271 2000 del
287 1949 328 2018 55
341 1936 407 2000 che
422 1937 451 2000 s'
468 1935 513 2000 ha
529 1933 572 2000 da
583 1933 798 2013 confirmare,
813 1954 882 1999 non
893 1931 924 1998 si
935 1934 1084 2001 concede
1097 1954 1178 2000 cosa
1191 1934 1332 2002 nissuna

130 2047 180 2114 dre
193 2047 236 2114 sia
245 2048 470 2117 concessione
481 2047 516 2114 di
531 2048 658 2136 dogma
670 2048 817 2116 alchuno
828 2047 992 2129 heretico;
1007 2050 1132 2134 perche
1144 2050 1331 2117 solamente

131 2181 178 2245 per
188 2183 264 2248 pura
278 2163 460 2244 necessita,
478 2163 574 2231 accii>
584 2183 848 2232 conseruassero
859 2162 883 2229 li
895 2163 1053 2230 catholici
1065 2164 1177 2249 quelle
1189 2163 1331 2249 reliquie

130 2277 178 2344 che
190 2290 317 2347 restano
331 2278 412 2346 delli
427 2278 520 2360 stati,
538 2277 694 2363 dominij,
712 2277 838 2362 chiese,
854 2277 933 2347 beni
946 2288 980 2346 et
992 2299 1137 2365 persone
1149 2280 1239 2347 della
1250 2279 1329 2345 reli-

127 2391 191 2476 gion
203 2394 365 2461 catholica
380 2393 415 2460 in
430 2373 629 2474 Germania,
647 2395 722 2461 solo
736 2403 952 2479 promettono
967 2393 1001 2459 di
1019 2414 1088 2460 non
1105 2394 1281 2481 esseguire
1296 2395 1329 2462 la

127 2507 275 2590 punitione
294 2510 337 2576 de
357 2508 578 2595 protestanti,
602 2508 626 2575 il
648 2511 714 2578 che
733 2507 768 2574 in
790 2506 911 2575 nissun
926 2509 1028 2575 modo
1049 2529 1167 2594 puono
1187 2510 1277 2591 fare,
1295 2509 1330 2575 di

127 2633 199 2689 sorte
211 2627 270 2692 che
284 2625 374 2690 nihil
389 2625 487 2690 aliud
503 2645 608 2711 quam
623 2623 838 2710 suspendunt
853 2623 1074 2690 authoritatis
1087 2625 1330 2690 ecclesiasticae

128 2737 286 2826 udrechij
305 2741 474 2806 secularis
494 2740 666 2806 aduersus
686 2740 873 2805 haereticos
893 2739 1160 2824 exequutionem,
1176 2740 1209 2807 la
1228 2740 1329 2826 quale

128 2851 161 2917 da
172 2854 204 2920 si
216 2855 235 2920 e
249 2875 408 2940 suspessa
423 2874 483 2940 per
498 2855 522 2919 l'
538 2852 750 2940 impotentia.

178 2967 266 3036 Oltre
285 2970 320 3037 di
339 2979 475 3055 questu,
497 2973 525 3036 s'
547 2971 593 3036 ha
613 2969 657 3037 da
678 2967 895 3037 considerare
917 2971 972 3035 ch'
995 2968 1030 3033 in
1050 2978 1172 3053 questo
1192 2989 1328 3038 recesso

126 3081 192 3168 ogni
204 3086 291 3151 uolta
309 3088 374 3152 che
395 3083 425 3151 si
445 3085 537 3167 dice,
561 3107 632 3150 nou
652 3084 743 3149 debet
760 3084 819 3149 linc
830 3084 929 3169 fieri,
947 3105 1015 3150 non
1033 3085 1125 3149 uuol'
1144 3082 1208 3149 dir'
1226 3085 1325 3164 altro,

125 3200 251 3266 mondo
271 3201 302 3266 la
322 3203 449 3287 phrase
469 3201 647 3281 thedesca,
666 3221 704 3266 se
727 3221 798 3266 non
826 3200 890 3266 che
911 3221 980 3266 non
1004 3197 1033 3265 si
1058 3197 1144 3266 sacia
1164 3210 1285 3283 questo
1306 3221 1328 3266 ο

125 3315 225 3396 quello.
242 3317 285 3382 Et
298 3317 383 3396 cosi,
402 3317 541 3401 quando
556 3315 585 3382 si
601 3314 677 3381 dice
692 3337 763 3380 uon
774 3315 893 3401 possit,
910 3335 980 3380 non
995 3313 1024 3382 si
1039 3335 1130 3400 nega
1146 3315 1178 3382 la
1194 3317 1326 3400 potesta

124 3409 250 3514 legitima
264 3443 299 3500 et
314 3403 499 3511 ordinaria,
516 3452 554 3498 se
569 3451 640 3498 non
657 3431 690 3496 la
703 3429 924 3514 essequution
937 3429 972 3496 di
987 3430 1112 3515 quella,
1127 3428 1278 3498 secondo
1294 3429 1327 3496 la

124 3545 223 3625 tlrrase
236 3545 413 3626 thedesca,
431 3557 467 3613 et
490 3555 612 3629 questo
632 3545 662 3612 si
686 3546 772 3614 uede
792 3566 853 3631 per
873 3546 906 3611 la
928 3565 1016 3630 pena
1033 3547 1097 3610 che
1117 3543 1149 3610 ci
1170 3543 1199 3610 si
1221 3553 1326 3612 mette

124 3659 186 3725 nell'
200 3661 337 3728 articolo
355 3659 420 3746 3.⁰,
439 3659 492 3744 4⁰
508 3673 544 3726 et
565 3659 636 3726 11.⁰

174 3775 262 3860 Item,
276 3779 309 3844 la
324 3775 502 3864 principal'
517 3775 705 3844 intentione
721 3775 800 3844 delli
812 3773 974 3842 catholici
986 3775 1021 3842 in
1036 3783 1158 3862 questo
1175 3795 1321 3854 recesso,

122 3909 176 3955 non
188 3893 207 3958 e
220 3891 283 3961 mai
299 3903 402 3973 stata,
420 3893 465 3959 ne
479 3893 626 3959 mancho
641 3893 662 3959 e
677 3893 810 3972 adesso,
828 3889 863 3957 di
879 3893 1011 3958 trattar'
1029 3891 1073 3957 de
1088 3888 1265 3974 religione,
1280 3891 1323 3956 ne

121 4003 339 4077 diconsentire
353 4008 468 4094 questi
484 4009 573 4076 nella
589 4007 732 4093 religion
745 4007 790 4073 de
805 4005 921 4092 quelli;
936 4027 992 4073 ma
1003 4007 1036 4073 la
1048 4004 1228 4071 chiamano
1240 4025 1322 4091 pace

122 4119 330 4211 direligione,
352 4124 408 4190 cio
423 4125 460 4205 ἑ,
478 4124 511 4190 13
530 4143 615 4209 pace
630 4124 674 4189 de
689 4122 793 4208 quelli
809 4124 873 4189 che
893 4141 979 4188 sono
998 4122 1043 4189 de
1063 4121 1130 4187 due
1151 4119 1319 4208 religioni,

120 4249 223 4318 quanto
233 4239 297 4307 alle
307 4260 456 4326 persone
468 4248 503 4306 et
515 4236 607 4320 beni,
622 4249 657 4304 et
673 4248 802 4323 quanto
818 4238 851 4303 al
867 4235 984 4304 viuere
1000 4235 1117 4321 quieto
1133 4245 1168 4302 et
1180 4235 1322 4322 pacifico

120 4352 188 4418 nella
198 4353 307 4440 politia
323 4351 508 4435 exteriore;
524 4355 568 4421 ne
580 4374 641 4440 per
652 4363 773 4438 questo
785 4351 809 4419 li
821 4350 980 4419 catholici
991 4371 1143 4437 pensano
1155 4350 1189 4415 d’
1202 4353 1319 4418 hauer’

119 4467 220 4536 oeduto
234 4469 275 4536 ad
290 4471 431 4537 alchun'
449 4468 593 4536 arricolo
608 4478 643 4534 et
659 4469 785 4555 dogma
800 4467 890 4535 della
906 4465 995 4534 fede.

168 4583 260 4652 Doue
275 4584 304 4653 si
318 4585 417 4672 parla
430 4584 521 4650 della
535 4581 767 4651 iurisdictione
783 4581 1013 4652 ecclesiastica
1028 4591 1064 4648 et
1079 4581 1181 4650 ciuile
1196 4583 1261 4647 che
1272 4579 1323 4647 sia

120 4715 269 4784 suspoem,
290 4723 362 4769 non
382 4702 413 4767 s’
431 4699 571 4768 intende
590 4701 656 4768 che
676 4719 737 4785 per
764 4707 885 4783 questo
900 4695 925 4763 li
940 4696 1110 4779 catholici,
1129 4696 1187 4762 ubi
1201 4695 1323 4761 habeut
