3456 5386
620 573 652 632 ¹9
670 559 746 629 Min
768 557 837 632 1566

675 712 765 776 802

444 814 486 881 P.
506 813 817 884 HIERONYMUS
840 813 1006 884 NADAL

364 917 552 978 SANCTO
576 918 840 979 FRANCISCO
864 921 921 976 DE
944 918 1094 1006 BORJa

514 1021 696 1081 auousriu,
711 1022 744 1080 19
754 1023 829 1083 unJr
844 1009 912 1080 15⁶6
928 1013 948 1065 ¹.

153 1107 395 1166 Proteatuntium
408 1110 613 1166 accusationes
625 1110 659 1164 ia
670 1109 840 1164 catholicos:
852 1110 960 1164 horum
973 1108 1120 1183 defensio:
1133 1107 1301 1164 moderatio

368 1199 538 1254 medenda
551 1199 586 1254 in
598 1198 687 1254 rebus
701 1196 887 1254 Germaniae
900 1199 1083 1254 tractandis.

182 1317 211 1366 1.
255 1299 356 1387 Jhus.
380 1297 491 1365 Multo
518 1296 607 1364 Rdo.
630 1293 668 1362 in
687 1295 825 1364 Christo
853 1297 964 1366 Padre
984 1307 1115 1364 nostro.
1136 1298 1208 1363 Pax
1235 1295 1336 1364 Chri-

117 1412 172 1494 sti,
189 1423 256 1480 etc.
273 1415 329 1480 De
347 1412 424 1479 altri
445 1411 575 1499 negotij
597 1410 705 1480 nostri
727 1412 878 1481 scriueri)
894 1412 959 1480 alia
979 1415 1020 1480 P.
1039 1413 1082 1480 V.
1101 1413 1134 1479 la
1155 1411 1335 1480 settimana

117 1531 177 1596 che
191 1529 303 1610 uiene,
321 1530 410 1596 nella
425 1528 527 1614 quale
542 1527 571 1596 si
586 1549 685 1615 spera
701 1531 777 1596 sara
792 1527 816 1594 il
831 1530 900 1596 fine
915 1528 1004 1597 della
1019 1527 1122 1609 dieta,
1136 1550 1158 1594 0
1182 1549 1332 1615 apresso.

120 1646 194 1712 Solo
206 1645 323 1732 uoglio
334 1644 420 1726 dire,
435 1646 500 1714 che
516 1647 544 1711 s’
558 1645 578 1711 ὁ
590 1654 729 1712 trattato
742 1644 801 1730 qui
813 1653 933 1730 questa
942 1643 1123 1713 settimana
1135 1667 1182 1712 un
1196 1644 1336 1733 negotio

119 1761 160 1828 de
173 1761 291 1848 grand’
308 1761 531 1849 importanza,
548 1782 648 1848 sopra
664 1759 698 1827 di
718 1759 785 1844 eid,
803 1763 869 1829 che
888 1759 912 1826 li
931 1759 1133 1848 protestanti
1153 1763 1335 1830 haueuano

120 1876 195 1943 dato
208 1878 264 1944 vn’
281 1887 374 1944 certo
389 1876 508 1943 scritto
524 1898 543 1943 a
559 1877 631 1946 Sua
647 1878 778 1944 Maesta
794 1877 953 1958 Cesarea,
972 1877 1027 1944 nel
1044 1877 1143 1962 quale
1166 1877 1335 1946 diceuano

124 1993 219 2062 molte
232 2013 309 2063 cose
323 2005 443 2060 contra
458 1991 482 2059 li
498 1991 672 2074 catholici,
690 2003 724 2059 et
745 1991 987 2080 specialmente
1006 2004 1126 2060 contra
1145 1992 1169 2059 il
1188 2014 1277 2080 papa
1299 2007 1335 2062 et

124 2107 255 2176 concilio
273 2107 457 2176 tridentino
471 2119 559 2191 etc.;
582 2119 616 2178 et
635 2109 794 2176 hauendo
813 2107 837 2174 li
857 2107 1015 2175 catholici
1036 2110 1120 2176 fatto
1141 2129 1334 2196 congrega-

126 2223 207 2293 tione
232 2235 264 2292 et
288 2225 515 2294 determinato
536 2223 581 2294 de
603 2225 790 2312 risponder’
808 2235 1102 2294 constantemente
1129 2246 1194 2292 con
1220 2223 1334 2292 animo

124 2339 273 2410 catholico
287 2353 321 2410 et
337 2342 481 2428 grande,
499 2363 554 2409 ma
569 2341 736 2422 modest0,
755 2340 900 2409 dicendo
924 2339 1003 2408 tutti
1019 2339 1054 2406 di
1077 2341 1185 2409 uoler'
1204 2332 1276 2410 iare
1299 2341 1332 2408 la

125 2457 304 2542 pmiession'
320 2458 377 2525 del
396 2457 541 2525 concilio
562 2455 747 2526 tridentino
763 2479 771 2539 ;
789 2455 819 2523 si
841 2479 954 2526 uenne
974 2479 994 2523 a
1015 2457 1076 2524 iar’
1094 2469 1189 2526 certo
1210 2457 1332 2525 scritto

125 2593 179 2657 per
190 2573 320 2661 risposta
335 2575 380 2642 de
395 2575 509 2660 quello
524 2574 567 2640 de
587 2571 807 2660 protestans,
826 2573 882 2640 nel
906 2573 1006 2659 quale
1027 2573 1193 2661 speriamo
1211 2574 1329 2640 sisara

127 2685 254 2774 risposta
271 2699 298 2772 ¹,
315 2690 466 2760 secondo
482 2690 547 2758 che
562 2692 677 2756 hanno
693 2690 788 2757 detto
803 2689 847 2758 de
862 2691 989 2776 parole,
1007 2699 1042 2760 et
1058 2688 1087 2756 si
1098 2688 1266 2758 desidera.
1287 2691 1332 2756 Et

127 2803 211 2870 accii
222 2805 267 2874 sia
283 2807 365 2888 cosi,
380 2809 493 2873 ecosa
504 2806 637 2893 grande
648 2805 766 2891 quanti
783 2805 890 2874 mezzi
903 2808 946 2873 ha
959 2816 1058 2872 usato
1073 2807 1096 2872 l'
1111 2807 1218 2873 Illmo.
1233 2806 1329 2893 lega-

134 2931 176 3000 to,
189 2922 217 2986 d’
233 2922 253 2988 il
267 2924 330 2991 che
345 2923 496 2990 anchora
510 2943 579 2989 non
596 2919 624 2988 si
640 2922 709 3010 pud
726 2942 845 3008 sapere
857 2920 1047 2989 risolution'
1061 2923 1207 2989 alchuna
1223 2931 1329 3003 certa3

133 3035 194 3102 solo
206 3037 364 3124 possiamo
380 3037 465 3120 dire,
483 3041 547 3106 che
563 3059 632 3105 non
649 3040 776 3105 restari
788 3059 849 3124 per
865 3036 1053 3124 diligenza‚
1071 3039 1115 3105 ne
1131 3059 1191 3124 per
1206 3037 1280 3106 zelo
1297 3048 1331 3103 et

133 3149 272 3222 industria
286 3177 359 3222 sua.
379 3153 556 3222 Possiamo
571 3156 720 3222 anchora
733 3163 768 3222 et
783 3152 963 3220 debbiamo
975 3153 1026 3218 dir
1038 3165 1172 3239 questu,
1186 3157 1251 3221 che
1267 3174 1329 3221 ue-

133 3264 222 3337 diamo
234 3291 291 3358 per
305 3270 494 3358 sperienza;
513 3272 577 3338 che
593 3261 818 3338 &necessario
830 3290 895 3336 con
907 3279 1027 3355 queste
1041 3268 1169 3336 nationi
1182 3273 1273 3336 usar'
1287 3271 1331 3338 de

135 3402 202 3468 gran
210 3386 432 3455 moderatione
448 3397 483 3456 et
497 3384 733 3474 longanimita,
751 3385 775 3452 il
791 3387 855 3454 che
871 3384 1114 3472 specialmente
1130 3385 1159 3451 si
1175 3383 1331 3454 desidera

135 3497 172 3566 sia
183 3521 347 3586 persuasso
361 3524 382 3569 a
397 3502 491 3584 tutti,
509 3504 635 3590 perche
651 3503 836 3572 realmente
856 3523 941 3568 sono
956 3499 1079 3588 grandi
1102 3500 1271 3570 necessita
1295 3511 1330 3570 et

136 3615 273 3687 accidenti
296 3640 358 3707 per
385 3629 506 3705 queste
525 3619 651 3700 bande,
675 3620 739 3686 che
760 3619 865 3684 fanno
886 3617 951 3685 alla
970 3638 1118 3704 persona
1138 3615 1289 3684 mouersi
1310 3639 1331 3684 a

136 3733 347 3820 conpassione,
361 3745 397 3804 et
408 3737 527 3804 hauer'
540 3733 575 3801 di
587 3737 714 3801 cercar'
728 3731 910 3820 spedienti,
924 3754 990 3800 con
1003 3733 1133 3818 grande
1150 3731 1281 3800 chariti
1295 3743 1330 3800 et

137 3851 364 3919 mansuetudine
380 3851 438 3920 nel
452 3848 611 3937 Signore,
629 3869 726 3916 corne
741 3850 787 3916 ho
803 3849 898 3917 detto
909 3848 934 3915 ¹.
954 3851 1060 3915 Tutto
1076 3847 1130 3915 eid
1150 3848 1229 3915 dieo
1250 3870 1330 3935 per-

136 3962 184 4029 che
196 3964 234 4032 V.
255 3968 292 4034 Ρ.
309 3989 371 4054 per
398 3976 520 4054 questa
541 3964 780 4033 informatione
809 3963 914 4032 faccia
939 3963 1051 4032 officio
1072 3985 1138 4031 con
1166 3966 1237 4034 Sua
1260 3966 1331 4034 Si*

135 4079 206 4146 accii
219 4083 370 4153 abbracci
385 4093 508 4170 questa
524 4081 663 4152 natione
674 4103 739 4149 con
751 4093 891 4168 paterna
903 4081 1034 4148 charita
1046 4092 1080 4151 et
1092 4082 1280 4164 clemenza‚
1295 4092 1331 4150 et

133 4191 274 4282 inquesto
289 4200 395 4268 faccia
409 4208 499 4266 tutto
510 4197 534 4266 il
546 4200 652 4266 huon'
666 4197 779 4266 officio
790 4200 855 4267 che
869 4200 992 4285 puotra
1007 4198 1041 4264 la
1058 4200 1097 4264 P.
1113 4199 1172 4279 V.,
1188 4198 1330 4285 agloria
1360 4263 1362 4268 .

132 4308 350 4383 deDionostro
367 4317 527 4403 Signore.
549 4317 621 4386 Sua
637 4313 755 4383 diuina
772 4316 902 4383 Maesta
918 4336 978 4403 per
998 4336 1061 4382 sua
1077 4313 1211 4383 infinita
1226 4313 1330 4384 mise-

134 4431 296 4451 Ἣ

171 4489 185 4522 ⁸
214 4485 338 4559 annea,
349 4489 490 4560 risposto.

135 4575 297 4596 Ἣ

174 4615 182 4648 ¹
211 4619 250 4675 Er
258 4625 449 4696 archetypo‚a
458 4621 593 4696 Jirnenez
603 4629 734 4694 ennato,
742 4629 772 4678 et
780 4621 893 4678 Natalis
904 4639 992 4678 manu
1003 4620 1180 4698 subscripto,
1189 4621 1220 4677 in
1231 4621 1330 4694 Epist.

137 4699 233 4778 Naida
246 4711 282 4780 11,
293 4711 402 4787 duplici
417 4713 488 4785 ioh,
504 4711 555 4769 130
567 4715 640 4784 (95).

177 4797 187 4834 ²
216 4799 282 4863 Vide
294 4803 379 4882 epist.
393 4801 459 4878 390,
473 4821 503 4862 n.
516 4815 543 4878 73
558 4803 622 4877 3943
636 4810 667 4858 et
679 4801 806 4883 append.
822 4801 877 4860 IX.
