3456 5386
650 489 680 536 11
703 481 780 549 Mirr
801 482 870 551 1566
1281 501 1332 558 117

159 631 244 696 tario
260 651 278 696 a
299 630 339 696 V.
358 631 399 697 P.
420 631 547 716 Quella
572 649 652 700 cosa
679 628 715 699 di
730 633 830 721 Spita
857 634 904 702 mi
919 657 1000 724 pare
1026 637 1134 704 molto
1160 636 1309 722 difficile,
1331 651 1367 708 et

157 745 365 814 hanendosia
387 747 571 814 conceder'
588 767 635 814 un
655 749 870 834 predicatore
889 761 971 834 ete,
997 750 1043 818 mi
1064 755 1251 839 parerebbe
1266 754 1327 842 piri
1342 757 1367 824 il

157 859 279 940 doner,
290 881 327 927 se
338 859 367 927 si
378 861 463 930 dese
474 883 496 928 a
506 861 699 949 Herbipoli,
713 872 748 932 et
760 863 789 930 si
801 865 1055 952 suspendeseno
1067 867 1208 935 Olmutz
1220 880 1255 937 et
1266 869 1366 956 Spira

160 975 217 1040 all'
230 976 305 1042 altro
334 997 439 1059 ann03
456 986 491 1044 et
507 987 525 1022 ⁸
542 987 637 1044 tanto
663 976 735 1065 piri,
764 981 828 1048 che
848 980 952 1066 quelli
972 981 1008 1048 di
1023 981 1122 1069 Spira
1136 1004 1218 1069 pare
1233 983 1264 1051 si
1278 1006 1365 1054 sono

159 1088 278 1170 rifirati,
294 1102 328 1159 et
347 1113 416 1158 non
439 1091 602 1180 uogliano
621 1094 666 1161 ne
685 1114 787 1162 nome
806 1093 842 1160 di
858 1095 1013 1182 collegio,
1032 1099 1076 1164 ne
1095 1097 1242 1184 collegio
1263 1098 1365 1171 intie·

157 1225 199 1270 ro
209 1217 253 1272 etc
270 1209 291 1272 ¹.
308 1208 350 1272 Et
367 1205 504 1274 ricorde
517 1230 539 1275 a
554 1209 597 1275 V.
617 1209 657 1275 Ρ.
677 1209 802 1293 quello,
816 1213 882 1276 che
893 1209 973 1277 nelli
985 1211 1094 1278 ultimi
1109 1211 1243 1301 collegij
1257 1215 1365 1282 chesi

154 1341 231 1387 sono
244 1321 376 1390 acettati
388 1321 425 1388 in
437 1322 643 1410 Alamagnia
653 1322 836 1391 habbiamo
847 1325 967 1410 patit0,
981 1347 1046 1393 con
1057 1327 1261 1396 detrimento
1273 1329 1362 1398 della

153 1436 339 1504 estimation'
368 1439 459 1506 della
485 1438 711 1526 Compagnia,
735 1442 861 1528 perche
880 1442 992 1526 quello
1014 1444 1050 1508 d’
1071 1435 1237 1530 Inspruch'
1253 1449 1282 1511 s'
1301 1467 1360 1514 ac-

151 1551 243 1632 oettd,
258 1567 291 1621 et
305 1552 397 1640 dipoi
413 1575 484 1621 non
502 1553 532 1620 si
547 1556 651 1641 puote
667 1557 845 1641 proueder'
867 1556 903 1622 in
924 1567 1013 1625 tutto
1036 1561 1094 1624 un'
1118 1581 1220 1626 anne.
1238 1561 1276 1627 In
1295 1561 1358 1628 Di-

152 1665 245 1753 linga,
260 1679 388 1753 quanto
399 1671 420 1736 e
431 1680 521 1736 stato
533 1671 577 1738 da
588 1671 660 1738 fare
671 1691 738 1738 con
750 1670 910 1739 Conrado
921 1682 957 1740 et
966 1673 1042 1739 altri
1054 1684 1120 1740 etc.
1144 1675 1172 1740 ¹².
1186 1675 1232 1743 Di
1244 1678 1359 1762 quello

152 1779 188 1846 di
199 1785 425 1872 Braunsperga
440 1805 510 1852 non
525 1785 683 1874 bisognia
698 1785 771 1856 dire
785 1797 853 1855 etc.
870 1787 915 1854 Di
931 1789 1032 1856 modo
1047 1790 1111 1857 che
1123 1789 1154 1856 ci
1170 1790 1354 1872 conuiene,

153 1897 259 1980 Pndre,
286 1898 529 1986 specialmente
545 1902 681 1987 quando
704 1900 733 1968 si
759 1904 794 1968 fa
818 1923 934 1970 nuoua
961 1903 1174 1984 fundatione,
1201 1907 1355 1972 mandar’

151 2015 276 2102 operarij
288 2015 395 2082 buoni
406 2025 442 2085 et
454 2017 550 2084 fermi
562 2017 653 2086 nella
662 2039 725 2084 sua
738 2015 930 2101 uocatione,
939 2017 1135 2100 altrimenti,
1144 2040 1241 2088 come
1253 2020 1355 2087 etiam

153 2129 194 2193 ω’
208 2131 245 2196 ha
258 2132 352 2198 detto
363 2131 388 2197 il
400 2131 498 2199 Rmo.
517 2133 632 2219 legato
653 2141 681 2215 ⁰,
694 2133 760 2200 che
771 2143 824 2199 sta
836 2134 902 2200 mal
913 2143 1075 2200 contento
1084 2133 1173 2201 della
1184 2134 1356 2220 prouisio-

150 2263 188 2312 ne
199 2245 230 2310 di
244 2247 354 2330 quello
370 2246 407 2313 di
423 2249 676 2334 Braunsperga,
698 2247 899 2334 perderemo
914 2248 957 2313 de
976 2248 1191 2334 reputatione
1211 2248 1247 2314 in
1262 2250 1351 2317 Ger-

147 2359 253 2443 mania,
269 2383 328 2448 per
344 2363 378 2428 la
393 2361 578 2449 sperientia
593 2365 658 2431 che
674 2364 812 2431 uedono
826 2364 870 2431 de
885 2363 989 2431 esser’
1005 2363 1072 2429 mal
1083 2362 1226 2449 prouisti
1243 2363 1266 2429 li
1282 2365 1356 2432 col-

146 2473 212 2562 Iegij
230 2475 256 2542 ⁶.
274 2477 299 2544 Il
315 2478 418 2544 modo
428 2479 463 2544 d'
478 2479 601 2546 ouuiar
616 2501 637 2546 a
651 2477 753 2545 simili
768 2476 1023 2546 inconuenienti
1039 2479 1208 2561 e,·Padre‚
1227 2500 1352 2566 proue-

146 2589 205 2658 der'
220 2593 323 2678 pn'ma
339 2594 439 2675 bene,
457 2615 522 2661 con
538 2594 572 2660 la
587 2591 706 2660 diuina
720 2591 842 2680 gratia,
863 2591 965 2677 quelli
985 2593 1119 2681 collegij
1141 2595 1206 2662 che
1222 2593 1250 2660 si
1266 2614 1351 2661 sono
1375 2642 1379 2652 -

147 2705 195 2790 gii
206 2708 300 2792 presi,
318 2719 355 2776 et
370 2711 510 2778 acettar’
524 2707 638 2794 pochi,
652 2719 687 2778 et
701 2707 895 2795 prouederli
906 2708 994 2774 bene
1006 2720 1073 2776 etc.
1095 2719 1122 2774 ⁸.
1138 2709 1236 2776 Altre
1248 2729 1350 2777 cause

148 2819 232 2887 etiam
246 2822 303 2909 pid
319 2822 355 2889 in
371 2822 574 2909 particolare
589 2823 663 2889 dini
678 2823 713 2890 in
731 2826 788 2891 un'
805 2823 903 2904 altra,
923 2825 950 2889 B
976 2822 1025 2890 f’.

199 2955 227 3020 3.
273 2939 321 3006 La
336 2938 518 3006 settimena
535 2949 669 3024 passata
684 2936 731 3004 mi
742 2957 849 3024 parue
865 2940 928 3004 che
940 2937 976 3003 in
987 2937 1198 3007 conscientia
1214 2940 1351 3007 doueua

145 3054 337 3128 representat
351 3045 417 3112 alla
434 3045 473 3111 P.
493 3046 537 3113 V.
560 3044 585 3110 il
604 3056 693 3112 stato
709 3045 743 3110 in
764 3047 830 3113 che
855 3044 902 3110 mi
924 3045 1096 3114 ritrouaua
1123 3045 1167 3111 de
1194 3045 1303 3112 sanita
1322 3047 1347 3110 ³:

143 3154 230 3242 dipoi,
246 3159 420 3246 pensando
439 3159 474 3226 in
491 3171 626 3245 questo,
649 3161 694 3226 hn
710 3163 838 3226 hauuto
859 3159 1075 3226 consolacion
1091 3181 1154 3226 con
1171 3161 1204 3225 la
1231 3158 1349 3226 diuina

141 3271 234 3355 gratia
247 3274 280 3342 in
297 3273 363 3358 citi,
377 3276 442 3342 che
454 3275 689 3342 ordinandomi
705 3277 751 3342 V.
777 3277 816 3341 P.
835 3277 899 3341 che
916 3273 1005 3353 uadi,
1020 3274 1148 3341 anderd
1160 3273 1195 3340 in
1208 3276 1346 3340 nomme

142 3387 266 3454 Domini
275 3389 311 3455 di
326 3389 421 3457 buon
437 3388 563 3472 animo}
578 3399 613 3455 et
624 3409 662 3456 se
674 3393 792 3476 pareri
805 3411 825 3456 a
837 3391 879 3456 V.
892 3392 931 3455 P.
947 3391 1011 3456 che
1022 3409 1092 3455 non
1105 3389 1195 3469 uadi,
1210 3388 1256 3455 mi
1268 3392 1346 3455 sard

140 3500 281 3572 etiemdio
296 3505 331 3571 di
343 3526 431 3592 gran
448 3503 670 3571 consolation’
689 3507 750 3571 iar’
767 3505 847 3590 quel
863 3505 927 3570 che
943 3505 1078 3590 puotni,
1094 3513 1129 3570 et
1145 3525 1212 3569 non
1230 3507 1341 3570 curar'

183 3665 198 3696 ⁸
226 3655 288 3710 Hoc
301 3657 389 3711 verb.
406 3653 520 3710 NeteIIs
538 3671 625 3710 manu
642 3653 774 3710 additum
791 3662 837 3709 est
854 3669 941 3726 supra
958 3654 1096 3709 verse—b
1120 3653 1240 3722 7verba
1253 3667 1339 3724 seqq.

139 3737 234 3797 addidit
242 3743 305 3800 libr.
319 3743 351 3800 in
364 3753 515 3813 merge-⁰
532 3753 567 3797 ιο
577 3745 667 3798 verbe
679 3759 761 3815 seqq.
772 3739 888 3798 addidit
894 3741 963 3796 libr.
977 3740 1007 3796 in
1021 3739 1173 3810 rnerg.-·<l
1189 3739 1339 3812 Sequitur:

137 3833 162 3882 et
180 3847 294 3887 menno
309 3834 339 3888 ei
348 3831 458 3906 Μηνᾶ
477 3831 515 3886 de
536 3833 599 3900 noi,
611 3848 687 3905 quae
708 3829 862 3886 obliterata
885 3836 954 3884 sunt
975 3829 1013 3883 ab
1026 3828 1129 3884 eodem
1151 3827 1277 3883 libr.—e
1309 3827 1344 3886 ln

137 3933 219 3988 marg.
237 3921 378 3976 PoIancus
396 3919 513 3992 propria
531 3937 619 3975 manu
634 3918 837 3992 respondenda
855 3915 1006 3974 annotavit
1022 3916 1067 3971 his
1087 3915 1202 3971 verbis:
1227 3914 1294 3970 Non
1317 3917 1344 3970 si

132 4011 224 4063 acoetti
234 4027 368 4076 ussum,
382 4027 413 4066 ει
426 4028 487 4065 non
500 4027 572 4065 sono
585 4009 691 4083 pn'ma
699 4008 835 4083 prouisti
847 4009 859 4062 i
872 4007 1014 4062 rIceuuti:
1028 4010 1056 4060 et
1068 4005 1190 4076 quando
1203 4005 1250 4059 sia
1258 4004 1343 4075 satio

131 4100 226 4163 questo,
238 4113 252 4152 e
262 4099 353 4154 habia
365 4099 509 4171 rIcapr'to,
522 4097 604 4152 anisi
616 4097 641 4151 il
653 4113 707 4152 suo
716 4101 822 4168 parer,
836 4114 851 4151 e
864 4112 897 4151 co
909 4093 1022 4166 sulgeti
1034 4092 1100 4164 [sie]
1113 4093 1162 4147 che
1183 4108 1342 4146 avanzano

132 4181 159 4236 in
169 4201 221 4240 tnta
229 4191 326 4259 parte,
339 4187 537 4260 suppliscano
549 4187 591 4240 ad
603 4187 699 4240 altra:
712 4185 836 4240 inten'm
850 4184 968 4256 ayuden
980 4199 1034 4238 con
1047 4181 1213 4245 missiones,
1228 4181 1340 4235 doomo

130 4267 152 4324 le
158 4275 299 4343 parentare
322 4274 432 4350 major,
457 4273 555 4330 m.-f
574 4273 658 4329 Haec
678 4273 777 4331 littera
797 4275 824 4329 B
836 4271 935 4328 addita
958 4279 1004 4326 est
1026 4286 1114 4342 supra
1135 4285 1214 4324 vers.
1227 4267 1342 4324 Natalis

131 4375 217 4418 manu.

135 4455 309 4472 *Ἦ

174 4500 182 4530 ¹
213 4499 284 4556 Vide
296 4498 430 4573 append.
447 4498 500 4567 VI,
515 4498 583 4570 VII,
596 4506 626 4553 et
640 4497 709 4553 XX.

173 4588 182 4618 ¹
212 4587 288 4645 Haec
300 4587 473 4646 referuntur
489 4586 526 4643 ad
543 4587 633 4660 epIet.
655 4585 719 4658 390,
735 4593 817 4659 parte
835 4583 1001 4655 2.¹,1ittera
1020 4582 1048 4636 Β
1067 4597 1084 4636 a
1104 4579 1201 4636 Natali
1222 4585 1337 4635 notata.

173 4674 183 4707 ⁸
214 4675 285 4734 Vide
297 4677 393 4751 epist.
409 4674 476 4746 3853
490 4674 552 4750 387,
567 4694 601 4732 n.
620 4689 646 4744 13
659 4682 690 4730 et
702 4673 831 4747 append.
848 4672 934 4728 VIII.
