3322 5376
512 527 545 585 14
564 515 709 571 Auuusrr
731 513 799 584 1567
1184 524 1235 582 5²1

58 669 124 757 gnia
133 668 166 734 di
176 667 300 750 Giesri,
314 680 382 734 etc.
398 669 517 734 Roma.
534 666 616 732 Alio
628 687 748 732 manu:
760 665 795 732 b.
810 665 875 753 †e.
889 688 934 732 m.
951 687 984 752 p.
999 665 1042 733 C.
1060 664 1157 750 1567'.
1168 663 1277 751 Lieg·

58 805 102 870 ge.
118 787 152 850 P.
169 785 305 851 Natale.
328 801 370 867 14
385 783 419 849 d’
439 785 584 870 Agosto.
609 782 801 869 Vestigium
819 781 943 869 sigilli.

620 975 713 1039 ⁴105

367 1106 409 1171 Ρ.
436 1101 749 1171 HIERONYMUS
773 1101 939 1170 NADAL

291 1215 475 1274 SANCTO
507 1213 770 1272 FRANCISCO
795 1215 852 1270 DE
876 1213 1023 1286 BORJA

430 1325 554 1381 moon,
572 1326 604 1384 14
618 1324 759 1370 nouosrt
773 1311 842 1382 1567
855 1313 875 1366 ¹.

56 1423 74 1463 r.
86 1411 124 1466 De
131 1411 345 1480 promovendis
357 1413 399 1466 od
410 1427 512 1467 sacros
524 1411 646 1466 ordines
658 1409 692 1464 in
706 1410 864 1466 Societate:
877 1427 939 1465 non
947 1413 1033 1480 posse
1045 1409 1115 1464 iilos
1128 1407 1273 1464 ordinari

80 1499 157 1553 tituto
166 1500 362 1570 patrimonii.
373 1514 427 1555 -2.
444 1500 513 1570 Quo
522 1503 612 1570 pacto
624 1498 739 1553 summi
747 1497 903 1570 pontificis
915 1498 1069 1553 voluntati
1086 1515 1202 1553 morem
1217 1514 1272 1570 ge·

81 1603 137 1642 roro
148 1591 284 1657 oporteat
295 1588 331 1642 in
340 1589 397 1643 hac
409 1605 453 1644 re.

111 1722 135 1770 1.
174 1707 277 1792 Jhus..
296 1704 405 1772 Molto
421 1703 508 1770 Rdo.
529 1705 570 1769 P.
589 1703 634 1770 N.
654 1702 690 1769 in
711 1701 862 1769 Christo.
882 1705 956 1770 Pax
977 1700 1118 1782 Christi,
1145 1710 1211 1767 etc.
1231 1702 1271 1766 In

59 1819 150 1901 quello
164 1821 228 1886 che
244 1821 277 1887 la
295 1823 336 1886 P.
366 1820 410 1886 V.
429 1819 542 1886 scriue
558 1819 666 1904 peria
687 1839 750 1884 sua
765 1817 845 1884 delli
868 1834 888 1900 7
905 1817 941 1883 di
964 1815 1108 1901 Giugno
1129 1836 1230 1901 sopra
1244 1816 1268 1879 l’

60 1931 201 2001 ordinarsi
217 1935 267 2022 gli
282 1934 404 2018 nostri,
426 1955 512 2002 sono
528 1933 586 2001 doi
602 1933 712 2018 punti.
733 1933 774 1999 L'
796 1953 879 2016 unu,
902 1935 967 1998 che
985 1933 1092 1997 forma
1113 1941 1149 1995 et
1164 1929 1271 1996 modo

60 2049 81 2110 s'
98 2049 137 2113 ha
156 2049 197 2116 da
215 2061 336 2118 tenere
355 2049 434 2117 nell'
457 2027 645 2117 obedienze
662 2048 718 2117 del
739 2069 828 2134 papa
849 2068 949 2134 sopra
971 2055 1093 2130 questo
1114 2025 1205 2111 suso,
1226 2045 1268 2112 [Ὗ

60 2161 137 2246 altro,
151 2186 189 2232 se
204 2165 232 2232 si
249 2175 418 2252 puotrano
438 2164 596 2232 ordinare
616 2163 640 2228 li
656 2162 780 2246 nostri,
803 2185 823 2230 a
838 2161 938 2228 titolo
956 2160 991 2226 di
1012 2159 1228 2245 patrimoni0,
1248 2179 1270 2224 0

60 2275 256 2348 dibenefitio.
275 2280 360 2348 Diri)
377 2280 484 2367 prima
497 2281 530 2347 al
545 2279 709 2349 secondo.
724 2281 805 2345 Non
816 2299 909 2364 pare,
926 2277 1051 2357 Padre,
1066 2277 1131 2342 che
1144 2284 1270 2359 questo

58 2389 194 2474 siiaccia,
213 2396 336 2482 prima,
360 2396 563 2481 simplicitur
582 2414 642 2480 per
658 2393 691 2460 le
706 2391 867 2479 raggioni
884 2391 973 2458 della
989 2399 1087 2476 parte
1105 2387 1270 2475 negatiua

60 2505 149 2574 chela
163 2511 202 2576 Ρ.
218 2513 261 2578 V.
282 2509 407 2578 scriue.
422 2511 470 2576 Et
478 2511 566 2578 oltre
577 2531 597 2575 a
609 2509 734 2594 quelle,
750 2507 896 2575 essendo
913 2508 967 2571 ch'
983 2505 1018 2571 in
1031 2514 1154 2590 questo
1167 2503 1270 2570 modo

61 2637 115 2685 non
128 2621 154 2687 si
166 2627 318 2710 prouede
339 2647 359 2692 a
380 2627 444 2693 che
465 2624 635 2709 possiamo
657 2623 728 2691 fare
745 2619 935 2688 coadiutori
956 2619 1092 2687 formati
1112 2618 1264 2706 semplici

62 2733 211 2817 spirituali:
230 2740 355 2827 perehi
372 2739 530 2806 ordinato
550 2759 618 2804 vno
639 2761 659 2806 a
686 2736 783 2805 titolo
806 2737 840 2803 di
868 2735 1087 2823 patrimonio,
1118 2735 1269 2820 acquirit

63 2849 103 2914 ius
116 2853 147 2916 in
161 2857 254 2936 illud,
282 2857 339 2924 oui
366 2872 435 2922 non
458 2859 568 2942 potest
582 2855 788 2920 renuntiare
816 2853 940 2938 absque
962 2851 1109 2940 fraude,
1126 2871 1212 2937 quoe
1221 2850 1269 2936 fit

61 2965 198 3048 ocosias
214 2971 247 3037 di
275 2973 379 3037 modo
405 2972 481 3050 che,
511 2980 633 3054 questo
662 2968 820 3036 ordinato
846 2990 916 3035 non
938 2967 967 3034 si
989 2966 1180 3053 puotrebbe
1196 2966 1268 3032 iare

61 3082 228 3153 ooadiutore
253 3086 431 3173 spirituale
459 3087 617 3167 sonnat03
635 3084 761 3170 perche
792 3081 964 3152 facendosi
983 3083 1062 3162 tale,
1081 3081 1207 3147 excidit
1230 3101 1268 3145 eo

61 3191 119 3258 iure
129 3202 309 3268 seeundum
322 3202 519 3266 institutum
536 3205 706 3279 nostrum;
721 3199 848 3286 perche}
863 3197 887 3263 il
908 3208 991 3264 voto
1012 3196 1100 3263 della
1122 3197 1268 3281 pouertit

60 3305 194 3393 sequeno
207 3319 326 3386 effetto
342 3307 424 3381 'nelli
439 3313 631 3382 coadiutori
650 3313 796 3394 formati,
820 3335 890 3379 non
905 3313 980 3379 solo
1002 3309 1082 3378 nelli
1103 3307 1263 3396 professi.

61 3418 92 3486 Et
104 3430 162 3494 cosi
176 3431 202 3497 si
217 3433 323 3518 perde
339 3453 408 3498 vna
423 3441 520 3517 parte
536 3429 722 3517 principale
738 3429 827 3496 della
844 3426 1071 3513 Compagnia,
1090 3445 1160 3491 non
1177 3444 1267 3509 puo-

61 3539 165 3608 ttndosi
179 3546 247 3614 iare
264 3545 455 3613 coadiutori
471 3544 606 3612 formati
619 3543 784 3630 semplici.
805 3542 857 3610 2.⁰
870 3541 908 3611 Si
924 3543 1002 3608 leua
1018 3543 1082 3607 che
1095 3539 1144 3625 gli
1156 3537 1265 3608 nostri

61 3667 112 3716 110ss
121 3670 276 3740 puotrano
292 3659 365 3729 fare
380 3660 494 3746 quella
510 3679 684 3746 promessa
699 3658 735 3725 di
750 3658 891 3726 lasciare
908 3656 956 3743 gli
974 3655 1049 3722 suoi
1065 3653 1145 3722 beni
1167 3654 1266 3721 obe-

64 3767 241 3794 X·—

101 3818 107 3848 ¹
137 3823 177 3880 Ex
196 3829 369 3900 archetypo,
389 3845 407 3883 a
429 3828 564 3899 Jimeuez
586 3835 717 3899 exarato,
733 3834 764 3882 et
786 3826 900 3882 Natalis
923 3842 1011 3880 manu
1029 3823 1210 3894 subscripto,
1234 3821 1265 3876 in

64 3901 138 3972 Epist,
151 3914 261 3986 Natat,
275 3918 316 3982 11,
330 3915 440 3989 duplici
454 3916 518 3988 fot,
534 3929 582 3988 191
602 3914 678 3986 (163,
700 3915 771 3984 164).
792 3915 826 3970 In
844 3913 948 3969 eodem
967 3913 1069 3968 codice
1087 3913 1144 3967 sub
1161 3929 1190 3966 n.
1214 3923 1266 3978 194

63 3989 153 4070 (Mt)
164 4005 285 4064 habetur
297 4007 422 4062 alterum
441 4007 622 4078 exemplum,
641 4006 688 4060 vel
702 4005 801 4076 potius
818 4003 987 4058 adversaria
1003 4001 1091 4072 hujus
1109 3999 1265 4072 epistolae,

63 4095 127 4149 inim
138 4089 258 4168 incoepit
270 4095 402 4150 scribere
415 4094 551 4165 jimenez
563 4100 596 4149 et
608 4092 736 4148 absolvit
750 4091 813 4163 ipse
828 4091 941 4146 Natalis
953 4088 1069 4163 propria
1082 4105 1181 4144 manu.
1193 4087 1267 4142 Pars

62 4169 192 4249 ³Jifflettez
203 4191 323 4246 exarata
335 4183 445 4238 desinit
458 4182 489 4237 in
502 4183 561 4238 illis
575 4179 685 4237 verbis:
700 4182 745 4249 4.⁰
760 4179 893 4235 Essendo
905 4183 1040 4250 questo...
1055 4193 1192 4232 saronno
1206 4175 1266 4230 atti

60 4255 219 4338 itriofesst
239 4274 276 4328 de
289 4276 337 4328 tre
354 4289 372 4326 o
387 4271 424 4326 de
443 4275 554 4343 quatro
566 4269 639 4326 voti.
660 4269 752 4324 Multa
766 4268 808 4324 ibi
824 4266 995 4323 emendavit
1012 4264 1129 4320 Natalis
1147 4262 1266 4337 propria

61 4355 133 4420 ”mut
144 4359 232 4432 aliqua
245 4360 337 4417 etiarn
349 4359 380 4416 iu
393 4357 523 4430 secundo
536 4367 649 4432 partea
666 4357 765 4429 seipso
779 4364 908 4412 exarata.
922 4357 967 4410 Ex
984 4356 1040 4411 hoc
1061 4355 1200 4425 exempto
1219 4352 1265 4407 ita

62 4437 171 4510 usim
185 4449 368 4521 transcripsit
381 4449 518 4520 Jimenez
530 4447 612 4516 illud,
627 4445 707 4519 quod
720 4463 774 4502 nos
788 4445 916 4517 edimus,
929 4444 960 4500 in
977 4460 1035 4517 quo
1053 4445 1151 4516 aliqua
1166 4442 1266 4498 denuo

62 4531 156 4588 uuuvit
166 4536 275 4594 Natalis
287 4553 342 4610 per
349 4535 513 4604 librarium,
529 4544 561 4592 et
573 4545 643 4593 eunt
660 4553 706 4606 ea,
724 4553 811 4609 quae,
827 4536 857 4590 in
876 4532 1008 4605 margine
1027 4533 1076 4588 vel
1093 4549 1181 4604 supra
1199 4546 1266 4584 ver·

64 4619 109 4666 '¹¹¹⁰
126 4623 222 4694 posita,
239 4644 256 4682 a
273 4625 361 4682 nobis
378 4626 497 4698 proprio
516 4627 582 4681 loco
599 4631 748 4680 notantur.
771 4623 849 4679 Vide
867 4623 955 4696 epist.
975 4621 1040 4692 485,
1059 4621 1107 4676 cui
1125 4622 1198 4676 haec
1217 4635 1266 4674 re-

64 4705 166 4766 tondet,
