3322 5376
421 492 475 562 526
815 493 921 552 Ense.
939 491 973 548 P.
994 491 1198 562 Nauna-496

385 644 587 731 paresciere,
606 666 651 710 no
667 624 825 740 dexando
841 643 885 715 de
901 644 1080 730 proueher,
1099 641 1129 710 si
1148 641 1277 730 alguna
1292 663 1374 710 cosa
1390 643 1536 730 jusgare
1557 666 1613 712 ne·

383 759 515 828 cesaria
532 761 571 825 in
583 761 747 827 Domino.

454 894 485 958 3.
526 875 581 941 'Al
593 875 751 942 cardenal
763 872 980 940 vuarmiense
994 875 1002 906 ¹
1018 871 1047 938 si
1063 871 1255 940 emandato
1267 873 1291 938 il
1304 874 1344 940 Ρ.
1359 871 1492 960 Filippo
1505 873 1609 941 Vuid·

354 1007 358 1014 ’
385 989 564 1071 mastadio,
587 989 748 1056 accioche
768 990 810 1055 ad
833 985 917 1074 ogni
939 987 1041 1054 modo
1067 986 1097 1053 si
1124 987 1241 1055 mandi
1256 989 1333 1054 nela
1360 987 1537 1074 prouincia
1559 988 1608 1052 del

384 1105 505 1172 Rheno
521 1103 544 1170 il
562 1107 602 1171 Ρ.
622 1104 739 1172 Pietro
755 1105 862 1184 Phae;
882 1111 917 1171 et
932 1102 1004 1169 cosi
1026 1124 1095 1171 non
1117 1103 1280 1169 accadera
1295 1104 1361 1171 che
1375 1102 1411 1169 di
1435 1100 1607 1190 Maguntia

384 1219 474 1287 uada
484 1220 564 1303 quel
574 1217 786 1305 predicatore
795 1219 860 1285 che
870 1216 899 1282 si
910 1238 1075 1304 pensaua,
1084 1216 1121 1282 in
1132 1215 1370 1303 Herbipoli,et
1377 1219 1476 1304 potra
1486 1227 1607 1283 restare

357 1401 361 1406 ,
382 1332 408 1399 11
424 1336 465 1400 Ρ.
485 1331 729 1400 Massirniliano
742 1333 753 1365 ¹
768 1332 879 1398 nell'll
898 1331 1038 1399 inferior
1050 1331 1248 1414 Germania;
1263 1341 1298 1398 et
1315 1343 1411 1398 tanto
1422 1351 1544 1400 manco
1555 1353 1607 1396 ac-

383 1448 506 1516 cadera
519 1447 660 1514 mandat
672 1447 795 1514 alcuno
807 1445 843 1511 in
856 1445 1047 1537 Hepbipoli,
1062 1467 1123 1533 per
1135 1446 1258 1514 essersi
1271 1447 1303 1512 la
1316 1467 1396 1514 cosa
1407 1445 1441 1513 di
1453 1447 1531 1531 quel
1543 1445 1607 1511 col-

383 1560 476 1648 legio
492 1562 616 1628 ridotta
632 1582 651 1628 a
668 1562 814 1647 qualche
829 1582 921 1629 noua
937 1560 1117 1642 difficultis,
1134 1561 1235 1656 quale
1251 1563 1484 1630 conuerrebbe
1504 1559 1604 1648 prima

383 1675 542 1763 spianare
557 1679 622 1744 che
638 1678 696 1745 dar
714 1676 880 1764 principio
897 1669 1133 1762 alli'essercitij
1150 1675 1240 1742 soliti
1256 1675 1291 1742 di
1307 1675 1415 1743 nostri
1434 1675 1565 1762 collegii
1581 1677 1602 1738 ⁵.

384 1792 436 1860 La
451 1790 618 1859 difficulta
633 1791 665 1873 ὲ,
683 1793 747 1857 che
762 1791 865 1878 dopoi
881 1793 946 1858 che
961 1791 1007 1858 mi
1023 1793 1138 1858 hanno
1155 1792 1316 1860 mandato
1336 1791 1361 1856 il
1380 1801 1545 1858 eontratto
1565 1791 1603 1854 de

384 1904 577 1991 Herbipoli,
596 1917 630 1976 et
646 1906 774 1973 datomi
791 1905 886 1973 auiso
897 1907 941 1974 de
953 1906 986 1972 la
998 1905 1196 2003 risolutione
1208 1929 1307 1993 presa
1318 1927 1379 1993 per
1391 1906 1416 1972 il
1426 1927 1566 1973 vescouo
1578 1905 1598 1981 ⁸,

383 2042 486 2107 sopra
501 2020 525 2085 il
543 2021 766 2088 fundamento
780 2023 824 2087 de
839 2021 872 2087 la
888 2022 990 2107 quale
1005 2021 1038 2088 io
1054 2008 1198 2090 acoettai
1215 2021 1238 2088 il
1254 2019 1412 2108 collegio,
1426 2020 1471 2087 mi
1483 2020 1570 2087 auisa
1580 2018 1599 2082 il

385 2138 427 2202 P.
446 2135 585 2218 Canisio
597 2138 662 2202 che
678 2135 701 2201 il
713 2136 919 2205 monasterio
934 2136 1032 2204 unito
1045 2137 1076 2203 al
1088 2136 1234 2224 collegio
1247 2139 1267 2203 ἑ
1278 2136 1432 2223 obligato
1443 2159 1464 2204 a
1475 2138 1530 2202 dar
1544 2155 1599 2218 300

350 2299 354 2312 .
384 2249 499 2317 fiorini
515 2251 570 2316 all'
588 2272 679 2318 anno
694 2251 751 2318 alli
769 2251 984 2332 lranciscani,
1003 2261 1038 2320 et
1054 2271 1097 2335 40
1114 2251 1189 2318 altri
1209 2251 1370 2338 peruerti
1390 2251 1520 2336 sussidij
1548 2269 1599 2335 per

384 2365 500 2452 spacio
516 2367 559 2432 de
576 2387 597 2430 x
613 2365 705 2447 anni;
724 2376 760 2434 et
775 2368 820 2432 ho
837 2365 956 2432 scritto
972 2369 1038 2433 che
1057 2366 1225 2433 conulene
1241 2365 1413 2452 supplisca
1428 2367 1451 2431 il
1466 2381 1598 2434 vescouo
1656 2387 1657 2452 ι

385 2479 487 2546 insin'
511 2481 576 2547 3113
596 2501 730 2547 summa
746 2479 780 2547 di
801 2480 893 2548 mille
913 2480 1038 2568 cinque
1058 2490 1159 2547 cento
1182 2479 1306 2562 fiorini,
1329 2480 1428 2549 liberi
1447 2480 1481 2546 di
1499 2477 1596 2564 quelle

383 2595 454 2660 due
475 2615 661 2681 grauem,
680 2606 715 2662 et
735 2597 800 2662 che
820 2597 930 2662 anche
952 2593 1089 2681 procuri
1113 2594 1136 2660 il
1158 2615 1308 2663 vescouo
1333 2595 1505 2662 transferir
1528 2590 1594 2678 quel

385 2729 468 2795 peso
490 2709 570 2776 delli
595 2731 659 2794 300
674 2710 910 2797 fiorini-sopra
932 2714 990 2776 un'
1009 2712 1094 2777 altra
1114 2733 1230 2797 pezza.
1254 2710 1300 2777 Di
1315 2719 1436 2795 questo
1456 2710 1499 2777 do
1513 2708 1594 2774 auiso

383 2845 405 2890 a
422 2824 466 2890 V.
486 2825 527 2890 R.
546 2845 606 2910 per
623 2824 806 2894 occasione
825 2825 881 2892 del
903 2827 944 2891 Ρ.
963 2825 1221 2910 Massimiliano,
1240 2835 1464 2911 quantunque
1485 2823 1503 2892 ὲ
1523 2843 1593 2892 uero

381 2939 448 3007 che
463 2938 499 3004 di
522 2940 629 3005 Roma
647 2939 676 3006 si
696 2939 714 3006 ὲ
736 2941 821 3008 satta
836 2939 1034 3027 prouisione
1049 2941 1093 3010 de
1116 2940 1230 3007 alcuni
1257 2939 1425 3028 suggietti
1444 2963 1502 3027 per
1516 2941 1592 3006 Her·

381 3052 505 3139 bipoli,
534 3052 668 3124 benche
695 3053 729 3121 io
755 3077 825 3122 non
851 3053 876 3120 li
896 3057 1031 3122 haueua
1057 3052 1238 3142 promessi,
1261 3077 1316 3120 ma
1343 3054 1372 3121 si
1400 3065 1591 3122 tratteranno
1655 3035 1656 3048 ¹

256 3191 258 3196 ·
383 3167 461 3235 nela
474 3168 650 3254 superiore
665 3167 864 3251 Germania,
882 3191 920 3239 se
935 3167 1004 3236 mia
1023 3170 1145 3238 lettera
1160 3169 1184 3235 li
1199 3169 1392 3257 aggionge;
1412 3171 1462 3263 fra
1480 3169 1501 3235 li
1515 3163 1593 3254 quali

382 3304 442 3350 era
455 3303 501 3348 un
518 3285 693 3372 theologo,
710 3285 744 3350 il'
758 3285 859 3370 quale
879 3283 1009 3352 seruira
1024 3305 1084 3370 per
1104 3283 1245 3372 Dilinga
1264 3307 1285 3352 0
1306 3283 1498 3372 Herbipoli,
1513 3281 1591 3349 ch'e

381 3396 406 3462 11
424 3400 464 3465 P.
484 3399 653 3481 Emundo,
671 3399 827 3466 hiberno.
847 3398 912 3466 Del
928 3411 1073 3481 mutare,
1088 3421 1109 3466 o
1125 3421 1195 3466 non
1211 3410 1355 3480 mutare,
1370 3401 1394 3466 il
1411 3403 1449 3468 P.
1465 3395 1590 3467 Henrri·

379 3514 447 3579 cho
466 3512 633 3599 Dionisyo
653 3514 670 3556 b
688 3513 767 3581 dall'
790 3513 930 3583 inferior
950 3513 1147 3596 Germania,
1172 3513 1205 3582 io
1225 3515 1271 3580 mi
1293 3514 1428 3582 rimetto
1448 3535 1468 3581 a
1487 3513 1526 3580 V.
1543 3512 1588 3586 R..

380 3625 512 3695 benche
528 3627 669 3696 intendo
684 3627 735 3696 sia
750 3629 796 3694 ad
812 3634 942 3714 tempus
957 3628 982 3694 il
998 3637 1068 3696 star
1092 3651 1155 3696 suo
1170 3629 1207 3694 in
1227 3628 1403 3697 Mastrich.
1422 3629 1465 3696 Et
1479 3635 1589 3713 quanto

378 3763 402 3809 a
417 3742 571 3824 Colonia,
589 3742 726 3811 bastara
741 3744 765 3810 il
782 3746 823 3811 Ρ.
838 3743 943 3812 Rezio
957 3746 982 3825 ³,
996 3743 1054 3811 cui
1069 3743 1194 3811 fatiche
1206 3747 1304 3832 petra
1318 3746 1473 3813 moderat
1487 3743 1527 3810 V.
1541 3741 1587 3814 R..

378 3857 538 3924 hauendo
561 3858 672 3924 inteso
693 3859 725 3927 al
747 3862 788 3927 Ρ.
812 3860 1030 3940 Leonard0⁸;
1052 3861 1178 3945 perche
1193 3858 1229 3926 in
1250 3870 1372 3944 questo
1400 3860 1445 3926 mi
1471 3857 1588 3926 rimetto

379 3970 438 4038 alli
450 3971 519 4038 doi.
1208 3975 1211 3982 '

449 4105 482 4169 4.
532 4087 671 4154 Benche
687 4088 730 4154 V.
747 4089 788 4154 R.
802 4087 878 4156 dice
891 4090 1060 4175 aspettara
1072 4087 1107 4154 in
1119 4090 1279 4158 Anuersa
1290 4089 1360 4158 mie
1373 4089 1500 4171 lettere,
1512 4085 1589 4152 circa

367 4231 376 4250 ‘
433 4261 1291 4338 asmenutumanbr.e1011·.-bsac,pronenys2·0.

435 4411 443 4444 ¹
482 4411 649 4468 stanislaus
661 4414 783 4470 Hosius.
940 4415 952 4447 ¹
988 4415 1205 4472 Maximilianus
1218 4433 1235 4471 3
1246 4415 1368 4488 Capella
1381 4415 1544 4491 (chapelle).

436 4501 447 4534 ³
485 4500 562 4556 Vide
575 4500 699 4574 append.
716 4503 792 4558 LIV.
937 4506 949 4540 ⁴
986 4502 1153 4560 Friderious
1166 4521 1183 4559 3
1196 4503 1362 4577 Wirsberg.
1440 4501 1446 4508 '

431 4592 445 4624 ³
482 4589 612 4660 Joannes
624 4591 749 4648 Rhetius
762 4594 833 4662 (von
844 4591 956 4661 Reidt),
969 4607 1077 4663 regens
1089 4591 1208 4664 collegii
1221 4593 1408 4652 coloniensis.

430 4677 446 4712 ⁶
483 4678 598 4746 Kessel,
613 4687 709 4736 rector
721 4680 840 4752 collegii
852 4678 1040 4738 coloniensis.
