3322 5376
353 455 407 514 520
743 438 848 496 Eam.
867 437 902 493 Ρ.
923 437 1127 508 Nauna-494

306 595 336 664 si
351 591 487 661 mettesi
504 591 527 658 il
543 591 647 678 pieno
662 589 821 678 collegio,
839 589 995 658 almanco
1015 611 1077 675 per
1095 599 1112 632 ⁸
1125 588 1183 656 doi
1199 611 1220 655 0
1236 598 1288 658 tre
1304 586 1409 667 anni,
1430 607 1479 653 se
1497 606 1572 652 non

299 731 377 793 ,vno
394 711 458 776 che
474 706 655 794 predicasi,
676 715 711 774 et
726 709 784 774 vn'
803 706 890 773 altro
910 708 976 774 che
995 704 1130 793 leggesi
1145 727 1213 772 vna
1232 703 1372 771 lettione
1397 702 1452 769 de
1476 702 1569 784 casi,

306 835 342 894 et
357 823 416 891 doi
431 845 452 890 o
469 835 520 892 tre
535 821 736 903 consessori,
753 831 788 889 et
804 825 868 888 che
884 820 913 888 si
929 819 1034 890 facesi
1049 821 1082 888 la
1097 819 1248 888 dottrina
1259 818 1474 898 christiana,
1491 825 1565 886 etc.

306 942 350 1008 Et
365 939 400 1006 di
416 947 540 1024 questo
556 938 671 1019 modu,
689 937 951 1004 cmoiliaremus
966 936 1063 1004 nobis
1078 937 1213 1002 animos
1228 936 1317 1004 della
1333 934 1422 1016 cita;
1439 945 1481 1002 et
1496 935 1566 1000 che

306 1077 378 1123 non
394 1053 560 1121 intrasero
578 1053 658 1119 tutti
674 1051 817 1121 insieme
832 1074 853 1119 a
869 1051 1090 1121 contentione
1105 1052 1149 1120 de
1163 1053 1186 1117 l'
1201 1051 1287 1119 altre
1302 1049 1471 1130 schuole,
1493 1051 1564 1115 che

306 1169 418 1238 sonob
433 1168 566 1255 potenti
578 1177 612 1238 et
623 1168 729 1234 molto
742 1167 924 1248 contrarie,
934 1178 969 1235 et
981 1167 1017 1234 in
1029 1177 1126 1236 tanto
1137 1177 1151 1209 ⁶
1164 1165 1356 1254 pigliasimo
1365 1167 1565 1232 solamen·

309 1294 343 1353 te
355 1284 468 1370 quello
480 1285 545 1352 che
557 1283 588 1350 ei
600 1284 755 1352 volesero
767 1283 849 1351 dare
861 1302 922 1369 per
931 1282 1108 1364 lemosina,
1122 1293 1158 1349 et
1170 1292 1260 1350 tutto
1271 1281 1295 1348 il
1307 1291 1403 1349 resto
1417 1277 1562 1347 corresi

308 1419 369 1484 per
385 1398 445 1483 piu
461 1407 576 1485 presto
593 1417 770 1484 comprare
784 1399 818 1465 le
830 1396 963 1464 rendite
978 1398 1068 1466 della
1089 1395 1306 1476 fundatione,
1323 1397 1561 1463 confermen-

306 1512 381 1580 dosi
398 1513 510 1598 quella
527 1533 592 1580 con
608 1513 716 1579 buoni
732 1512 963 1595 instrumenti,
985 1512 1102 1580 auanti
1125 1513 1160 1580 di
1173 1513 1291 1580 venire
1312 1512 1447 1580 nisuno
1472 1509 1559 1578 delli

306 1628 424 1694 nostri.
440 1629 482 1694 Et
494 1627 552 1714 gia
568 1628 641 1695 loro
652 1627 778 1694 dicono
790 1629 856 1698 che
868 1628 1073 1696 bastarebbe
1085 1627 1328 1696 incominciare
1339 1627 1364 1693 it
1375 1625 1553 1713 collegio,

223 1757 229 1770 ·
306 1743 350 1809 da
366 1753 488 1826 questo
505 1743 699 1811 Settembre
715 1741 750 1809 in
766 1765 812 1810 vn
828 1765 930 1810 anno.
949 1741 994 1810 Di
1015 1745 1117 1810 modo
1133 1747 1199 1810 che
1215 1743 1389 1812 tacendosi
1405 1763 1518 1809 come
1535 1741 1553 1807 ὲ

306 1858 402 1924 detto
421 1857 449 1938 d,
468 1858 612 1924 sarebbe
633 1856 730 1942 quasi
756 1858 907 1925 secondo
926 1881 973 1926 vn
1000 1860 1138 1928 decreto
1158 1860 1247 1926 della
1267 1858 1550 1946 congregatione

303 1974 483 2058 generale,
506 1974 650 2040 sarebbe
677 1972 737 2061 piri
761 1982 851 2040 tosto
875 1973 1018 2042 fundato
1041 1974 1065 2041 il
1088 1974 1245 2061 collegio,
1264 1987 1299 2041 et
1321 1973 1549 2042 haueresimo

306 2096 412 2173 gente
428 2108 489 2173 per
505 2087 529 2153 il
549 2097 720 2174 presente,
744 2087 821 2156 seil
842 2111 879 2156 re
895 2087 1026 2158 vuolesi
1047 2091 1119 2156 fare
1134 2090 1257 2156 alcuna
1276 2089 1487 2157 fundatione
1512 2087 1548 2152 in

306 2202 334 2268 F
336 2200 462 2268 iandra
482 2203 703 2290 Propongolo
719 2203 785 2270 alle
802 2205 842 2270 P.
863 2205 907 2270 V.
926 2225 992 2270 con
1009 2215 1134 2290 tempo.
1153 2208 1239 2273 Mr0.
1259 2207 1406 2273 Costero
1423 2211 1544 2270 tamen

304 2318 332 2381 s’
352 2316 479 2382 inclina
495 2317 709 2384 vehementer
725 2339 744 2384 a
761 2319 826 2386 che
841 2317 956 2385 subito
972 2321 1002 2384 s'
1019 2319 1213 2401 incominci;
1228 2325 1388 2386 ettamen
1404 2342 1481 2387 non
1499 2321 1544 2384 ha

304 2441 412 2516 gente
424 2431 617 2501 sufficiente
630 2431 665 2498 in
677 2432 860 2516 rhetorica,
870 2455 989 2520 greco,
1002 2443 1037 2501 et
1049 2434 1237 2516 humanita,
1252 2437 1341 2504 nelle
1352 2435 1448 2519 quali
1460 2455 1542 2502 cose

306 2544 412 2611 molto
427 2547 562 2613 abonda
579 2557 700 2632 questa
716 2547 810 2629 eitta3
829 2559 864 2616 et
884 2548 1043 2635 bisognia
1063 2549 1167 2618 cheli
1187 2550 1294 2616 nostri
1314 2550 1411 2618 siano
1427 2571 1540 2618 auan-

303 2659 463 2746 taggiati;
484 2657 667 2730 altrimenti
683 2664 844 2730 hauendo
862 2663 946 2730 tanti
968 2665 1128 2732 contrarii
1148 2665 1183 2730 in
1199 2676 1320 2750 queste
1340 2665 1485 2750 qualite,
1502 2673 1536 2730 et

301 2774 386 2841 tanti
402 2775 532 2862 signori
550 2776 706 2844 canonici
722 2777 809 2844 dotti
821 2789 857 2845 et
877 2779 953 2846 altri
968 2779 1176 2860 humaniste,
1195 2780 1390 2852 faeilmente
1409 2803 1534 2849 sarano

302 2887 483 2974 giudicati.
499 2891 542 2956 Et
555 2889 587 2956 io
599 2891 711 2958 vorrei
726 2895 791 2959 che
802 2895 858 2959 dal
873 2893 1038 2980 principio
1053 2894 1077 2960 il
1089 2895 1237 2982 collegio
1249 2896 1317 2964 tusi
1331 2898 1486 2976 fundato,
1500 2907 1534 2963 et

301 3023 372 3069 non
387 3003 506 3070 andasi
524 3004 730 3072 fundandosi
751 3008 787 3073 in
808 3009 888 3094 quel
910 3024 1023 3094 tempo
1043 3012 1108 3078 che
1124 3011 1172 3096 gli
1193 3011 1300 3079 nostri
1321 3035 1391 3080 non
1412 3017 1532 3081 desero

299 3117 405 3184 molta
426 3118 676 3189 sodisfattione.
700 3123 801 3190 Altro
821 3145 890 3189 non
911 3135 1051 3193 occo'rre
1066 3147 1126 3211 per
1147 3137 1280 3213 questa.
1300 3129 1397 3196 lddio
1416 3137 1533 3196 nostro

300 3231 440 3318 signore
456 3232 507 3300 sia
523 3255 657 3322 sempre
673 3257 739 3304 con
755 3238 788 3304 la
804 3241 845 3306 P.
865 3241 908 3306 V.
928 3247 963 3308 et
979 3262 1044 3306 con
1057 3241 1137 3307 tutti
1149 3242 1218 3309 noi.
1234 3244 1361 3311 Amen.
1374 3244 1465 3312 Nelli
1477 3241 1531 3309 cni

298 3345 388 3413 santi
405 3347 562 3415 sacrificii
578 3361 612 3417 et
628 3352 787 3435 orationi,
806 3354 1030 3422 humilmente
1051 3356 1080 3422 si
1096 3359 1414 3440 raccomandiamo‚
1439 3371 1474 3427 et
1497 3357 1530 3422 in

299 3462 405 3546 quelli
422 3485 547 3531 ancora
563 3465 644 3534 delli
663 3467 737 3533 Rdi.
759 3469 861 3535 Padri
876 3469 1061 3552 assistenti,
1080 3472 1136 3539 del
1152 3474 1192 3540 P.
1213 3475 1377 3556 Polan00‚
1396 3477 1437 3542 P.
1456 3477 1528 3542 Ma·

297 3576 387 3656 drid,
406 3580 446 3644 P.
467 3578 717 3666 Ribadeneyra,
732 3592 767 3651 et
783 3584 826 3651 de
843 3585 923 3651 tutti
938 3585 962 3651 li
975 3585 1051 3653 altri
1065 3585 1168 3654 Padri
1180 3599 1215 3656 et
1227 3589 1351 3656 fratelli
1362 3589 1396 3656 di
1410 3593 1524 3658 Roma.

209 3773 212 3778 Α
296 3692 351 3757 Da
368 3691 504 3779 Lieggi,
523 3693 579 3760 alli
601 3715 639 3778 14
655 3697 689 3763 di
706 3699 844 3784 Agosto
865 3701 961 3784 1567.
980 3704 1025 3768 D.
1045 3703 1089 3768 V.
1109 3703 1150 3769 P.
1169 3723 1270 3770 seruo
1287 3727 1330 3772 en
1347 3705 1425 3785 X.⁰,

1118 3827 1304 3914 †Nnonn.
1330 3827 1353 3915 †

1220 3915 1243 4004 †

366 4035 550 4122 Inscriptio
564 4041 601 4105 in
614 4047 710 4106 sexta
717 4045 974 4134 pagino.·Jhus
989 4048 1034 4114 Al
1046 4048 1152 4115 molto
1164 4049 1251 4117 Rdo.
1267 4051 1308 4117 P.
1323 4051 1367 4119 N.
1383 4049 1418 4118 in
1431 4047 1526 4119 Chri-

296 4158 365 4231 sto,
385 4149 408 4215 il
426 4154 465 4218 P.
485 4153 677 4223 Francesco
693 4157 728 4223 di
746 4157 886 4246 Borgia,
903 4165 1078 4248 preposito
1098 4165 1261 4250 generale
1273 4166 1364 4234 detta
1384 4167 1526 4254 Compa·

351 4460 368 4493 ⁸
401 4452 596 4510 Emendatum
615 4473 632 4511 a
650 4456 717 4514 libr.
737 4476 776 4513 ex
796 4461 895 4516 ἀπὶ-ὓ
914 4461 1055 4535 Sequitur
1076 4465 1168 4521 molto
1187 4466 1375 4524 obliteratum
1388 4487 1406 4524 ι
1427 4469 1524 4526 libr.-

295 4545 309 4578 c
334 4535 475 4679 quuitur
496 4549 580 4614 quest
603 4545 795 4604 obliteratum
817 4566 835 4603 a
856 4551 978 4606 libr.-d
996 4553 1192 4612 Emendatum
1209 4573 1225 4612 a
1243 4557 1309 4612 libr.
1329 4575 1367 4613 ex
1379 4558 1409 4614 11
1420 4559 1469 4615 che
1481 4557 1524 4626 fa·

292 4641 351 4680 cen
373 4643 427 4682 osz.
