3318 5376
427 491 479 548 306
810 489 916 544 Enrsr.
936 486 969 542 P.
991 483 1193 553 Ninon-448

389 643 484 710 molti
501 641 640 730 suggeti
657 664 718 728 per
733 640 883 727 compire
898 639 922 704 il
937 659 1080 706 nurnero
1094 638 1172 705 dell'
1191 639 1249 702 un'
1266 646 1302 705 et
1317 636 1395 704 dell'
1410 636 1495 703 altro
1507 635 1601 700 colle-

388 759 458 846 gio,
476 770 511 827 et
528 759 638 825 insino
652 757 710 842 qui
726 778 795 824 non
812 758 857 822 m'
874 758 894 822 e
910 775 1050 822 occorso
1065 752 1120 820 chi
1138 753 1246 839 poter'
1260 750 1432 830 mandare,
1450 762 1485 817 et
1497 750 1598 816 insino

387 876 453 942 alla
479 875 670 962 primauera
696 873 800 941 credo
826 893 895 938 non
918 873 994 938 sara
1008 869 1234 936 conueniente
1257 865 1435 947 mandarli,
1461 868 1598 932 anchora

388 993 453 1058 che
470 1009 699 1057 occorresero.

456 1122 487 1189 5.
535 1103 581 1172 Di
597 1105 703 1172 Paolo
718 1113 875 1190 pruteno,
895 1102 1017 1182 Padre,
1036 1100 1082 1166 mi
1097 1121 1178 1186 pare
1198 1102 1323 1168 cheno
1343 1097 1391 1184 gli
1407 1098 1437 1164 si
1455 1101 1595 1164 hannon

386 1219 558 1306 scioglier'
573 1218 597 1284 li
613 1217 697 1286 uoti:
716 1217 750 1283 di
762 1215 908 1286 renderli
920 1215 944 1282 li
956 1215 1075 1298 scritti,
1089 1215 1133 1281 mi
1146 1237 1208 1282 son
1219 1214 1360 1282 rimesso
1372 1215 1405 1280 al
1418 1218 1458 1282 P.
1474 1214 1593 1296 Lanoy,

387 1334 410 1400 il
426 1335 527 1419 quale
541 1335 624 1419 paso
639 1356 699 1419 per
713 1332 737 1398 il
753 1331 957 1400 monasterio
977 1332 1066 1398 douc
1086 1341 1154 1413 sta,
1172 1341 1207 1398 et
1226 1329 1251 1396 li
1270 1331 1392 1398 offerse
1412 1331 1596 1416 procurarlo

387 1470 454 1516 con
469 1471 536 1531 me3
554 1448 783 1534 lipuotrebbe
798 1446 926 1514 scriuer
941 1445 965 1511 il
979 1445 1188 1533 prouinciale
1210 1446 1253 1513 de
1273 1445 1416 1512 Austria
1437 1443 1597 1512 leuandoli

386 1567 418 1632 la
436 1586 599 1650 speranza
614 1564 685 1632 de⁸
699 1567 801 1631 esser'
819 1563 927 1631 libero
944 1561 1023 1629 delli
1038 1559 1129 1642 uoti,
1148 1567 1179 1627 ot
1198 1567 1312 1626 tomen
1332 1564 1397 1629 che
1416 1561 1598 1630 hauerebbe

386 1679 530 1746 rimedio
546 1702 566 1745 a
586 1683 666 1746 star'
685 1679 719 1745 in
736 1681 851 1744 buono
866 1677 1078 1757 conscienza,
1101 1675 1183 1743 sesi
1203 1675 1416 1744 accomodasi
1436 1699 1457 1743 a
1477 1679 1554 1742 star'
1568 1683 1597 1742 ct

386 1794 515 1864 seruire
531 1817 551 1860 a
566 1795 712 1879 qualche
727 1793 879 1880 principe
895 1813 916 1858 o
930 1813 1076 1880 persona
1095 1791 1341 1872 ecclesiastica,
1359 1813 1380 1857 a
1400 1792 1433 1858 la
1452 1791 1549 1876 quale
1568 1790 1596 1854 lo

384 1911 468 1978 dase
483 1911 516 1976 la
531 1909 757 1996 Compagnia‚
776 1919 842 1976 etc.

452 2027 484 2092 6.
533 2026 583 2092 La
598 2027 638 2092 Ρ.
658 2027 702 2093 V.
720 2025 765 2090 mi
783 2023 868 2092 facci
882 2023 1026 2104 auisare,
1044 2033 1172 2108 quanto
1188 2022 1246 2110 piri
1260 2034 1388 2109 presto,
1402 2022 1431 2090 si
1445 2033 1593 2110 puotemo

385 2140 517 2227 pigliar'
535 2139 676 2208 heretici
689 2141 777 2208 nelle
788 2142 905 2206 schole
916 2148 1042 2220 nostre,
1057 2138 1081 2205 li
1093 2138 1184 2225 quali
1195 2138 1332 2205 seruino
1345 2148 1434 2205 tutte
1444 2139 1477 2206 le
1489 2137 1592 2223 regola

385 2257 473 2323 delle
489 2256 621 2336 schole,
639 2276 737 2323 come
755 2258 860 2322 fanno
880 2253 915 2320 in
936 2258 1067 2340 Praga,
1085 2265 1120 2323 et
1141 2275 1238 2322 come
1256 2256 1302 2320 ho
1323 2254 1380 2341 gia
1395 2253 1525 2333 scritto,
1542 2253 1592 2316 hoo

385 2377 443 2450 ast,
460 2380 604 2437 sentono
621 2391 743 2451 messa,
761 2381 795 2436 et
811 2370 840 2437 si
856 2371 1058 2437 confessario
1073 2370 1135 2435 alla
1152 2369 1332 2450 catholica,
1349 2369 1472 2437 dicono
1483 2371 1515 2438 le
1525 2368 1591 2434 lita-

385 2484 458 2567 nie,
476 2484 651 2570 imparano
668 2485 690 2550 il
706 2485 937 2553 cathechismo
956 2484 1136 2565 catholico;
1154 2494 1189 2552 et
1208 2506 1246 2552 se
1265 2507 1335 2551 non
1356 2485 1518 2572 uogliono
1537 2485 1590 2548 far'

384 2611 517 2686 quest0,
536 2621 574 2666 se
596 2599 645 2686 gli
665 2599 846 2666 habbiamo
867 2622 887 2666 a
907 2599 1051 2666 cacciar’
1068 2600 1156 2668 dalle
1176 2600 1308 2681 schole,
1324 2622 1346 2667 o
1369 2622 1451 2668 uero
1470 2598 1592 2686 quando

383 2737 453 2780 non
468 2719 496 2781 s’
516 2715 639 2801 aspetti
654 2717 719 2784 che
735 2713 763 2782 si
781 2715 897 2782 sarano
912 2713 1070 2781 catholici
1085 2737 1145 2800 per
1157 2715 1189 2782 la
1201 2715 1459 2783 conuersatione
1475 2725 1588 2782 nostra.

450 2845 481 2911 7.
530 2828 575 2896 Di
592 2829 650 2913 qui
667 2839 820 2914 aquatro
836 2829 966 2916 giomi,
982 2830 1042 2894 hoc
1056 2834 1119 2910 ost,
1135 2829 1191 2896 alli
1212 2831 1263 2911 18,
1281 2851 1388 2918 penso
1403 2829 1547 2918 partirmi
1561 2827 1589 2892 di

381 2965 450 3029 qua
462 2966 522 3030 per
534 2943 711 3031 Herbipoli
723 2945 790 3011 co'l
804 2948 844 3012 P.
862 2944 1014 3025 Canisi0‚
1028 2955 1063 3011 et
1077 2943 1112 3011 di
1128 2947 1160 3012 la
1172 2967 1192 3012 a
1204 2947 1426 3032 Hastenburg
1442 2949 1449 2982 ¹
1467 2945 1484 2990 ¹³
1504 2945 1588 3012 adue

382 3057 551 3143 giornate,
566 3059 655 3127 doue
671 3069 723 3126 sta
738 3058 762 3124 il
778 3058 998 3128 arciuescouo
1010 3061 1052 3126 de
1066 3059 1249 3147 Maguncia
1261 3062 1286 3142 ⁸,
1305 3071 1340 3129 et
1355 3062 1446 3148 dipoi
1458 3084 1478 3129 a
1490 3061 1585 3147 Spira;

382 3183 418 3242 et
434 3184 554 3258 questo
570 3177 615 3241 ho
631 3173 749 3241 scritto
766 3174 823 3261 gia
838 3176 907 3241 due
922 3173 1103 3244 settimane
1120 3175 1153 3240 sa
1164 3175 1197 3241 al
1214 3177 1253 3242 P.
1272 3177 1424 3244 Antonio
1436 3178 1555 3260 Winch
1566 3176 1587 3250 ³,

382 3287 477 3356 accio
498 3289 627 3375 uenghi
648 3311 668 3354 a
689 3289 881 3356 ritrouarrni
901 3291 990 3356 done
1010 3291 1034 3356 li
1053 3294 1184 3375 pareri.
1207 3293 1286 3358 Non
1306 3312 1444 3360 occorre
1463 3294 1544 3359 altro
1563 3289 1589 3353 al

383 3413 552 3488 presente.
571 3403 641 3470 Alli
663 3403 739 3472 Rdi.
763 3403 865 3471 Padri
885 3404 1074 3487 assistenti,
1092 3415 1127 3471 et
1149 3408 1188 3472 P.
1209 3408 1374 3487 Polan00‚
1392 3408 1432 3474 P.
1458 3405 1587 3480 Madrid,

382 3539 448 3584 eon
465 3518 546 3583 tutti
566 3518 590 3584 li
610 3517 686 3584 altri
707 3521 812 3586 molto
834 3519 879 3586 mi
900 3521 1125 3587 raccomando
1145 3522 1201 3590 nel
1221 3521 1387 3610 Signore,
1405 3533 1441 3589 et
1455 3524 1589 3591 anchora

382 3632 558 3698 Ximenez.
583 3633 658 3699 Ora
668 3641 736 3719 pro
752 3635 862 3714 nobiS,
878 3635 998 3702 Pater.
1021 3637 1195 3703 Dominus
1209 3638 1255 3702 sil
1269 3638 1454 3704 nobiscum.
1471 3640 1524 3705 Da
1537 3633 1588 3702 Di·

382 3747 487 3834 linga,
505 3747 561 3814 alli
582 3766 621 3831 14
636 3749 679 3816 de
695 3750 890 3819 Nouembre
910 3751 1005 3834 1566.
1024 3753 1068 3818 D.
1088 3753 1129 3818 P.
1149 3753 1192 3819 V.
1211 3773 1312 3820 seruo
1327 3775 1371 3820 en
1387 3756 1491 3841 Xpo,

1194 3865 1379 3955 trition..
1406 3869 1429 3958 †

385 4063 595 4073 ——m
1306 3959 1328 4046 1

437 4121 454 4153 ⁸
489 4109 629 4182 Sequitur
642 4128 702 4165 non
715 4111 902 4167 obliteratum
919 4129 936 4167 a
949 4111 1075 4168 libr.—b
1103 4113 1164 4184 Sic,
1182 4132 1235 4187 pro
1246 4118 1432 4192 Archeburg·

387 4205 595 4215 ...οι-..-

440 4247 447 4278 ¹
486 4241 801 4316 «Aschaffenburgum,
816 4243 1069 4318 Aschaienbourg‚
1084 4255 1115 4303 et
1129 4248 1314 4322 Ascheburg,
1335 4254 1406 4308 urbs
1419 4249 1589 4316 Germaniae,

381 4334 411 4389 in
424 4330 596 4400 Franconia,
615 4331 652 4386 ad
670 4333 806 4388 Moenum
824 4333 957 4405 fluvium,
974 4352 1042 4390 cum
1060 4343 1166 4404 castro,
1187 4338 1238 4393 ubi
1255 4356 1396 4414 persaepe
1414 4345 1590 4398 commoratur

379 4422 496 4477 Elector
511 4420 712 4491 Moguntinus.
730 4421 847 4478 Dicitur
865 4423 1085 4496 Asciburgium,
1099 4435 1129 4481 et
1141 4424 1233 4483 distat
1245 4435 1370 4500 quatuor
1386 4431 1501 4487 circiter
1512 4425 1589 4485 leucis

379 4527 397 4564 a
410 4509 602 4565 Francofurto
616 4510 645 4565 in
665 4517 772 4579 ortum,
790 4512 974 4585 Herbipolim
991 4530 1131 4570 versus.»
1150 4517 1529 4585 Pareamus-Baunntttn,
1548 4516 1590 4572 lt·

378 4600 468 4654 xicon
482 4601 732 4672 geographiam,
748 4616 819 4673 pag.
836 4601 881 4670 67.

433 4691 445 4722 ⁸
481 4687 586 4744 Daniel
601 4687 726 4744 Brondel
740 4691 778 4745 ab
790 4691 954 4762 Homburg.
1071 4695 1083 4728 ³
1119 4693 1292 4751 Provinciae
1301 4696 1396 4754 Rheni
1410 4697 1586 4773 praepositus.
