3322 5370
426 459 481 530 370
812 461 916 518 Errsr.
935 457 969 513 P.
989 455 1194 525 Nanos-464

388 623 509 700 questa
529 613 736 700 respondero
756 637 776 681 a
803 623 924 700 quatro
943 613 1065 680 lettere
1087 611 1152 681 che
1171 608 1218 676 mi
1239 608 1367 677 ritrouo
1388 611 1501 677 hauer'
1517 609 1592 676 della

389 733 429 797 P.
449 731 496 798 V.
518 729 610 816 dipoi
625 732 690 798 che
706 751 775 796 non
790 729 814 794 li
828 732 874 796 ho
889 727 1019 808 scritto,
1037 727 1117 795 delli
1134 745 1165 812 3,
1185 745 1236 810 14,
1254 723 1392 798 erardi
1405 725 1588 810 Decembre,

386 856 422 912 et
439 846 458 911 8
474 844 509 911 di
524 846 674 912 Genaro.
690 846 823 930 Queste
834 845 902 912 due
918 843 1035 913 ultime
1050 844 1096 909 ho
1117 841 1285 908 riceuutte
1300 840 1420 928 hoggi,
1438 841 1543 927 quella
1556 841 1590 908 de

392 979 432 1043 14
447 959 483 1026 in
499 961 753 1048 Aschemburg‚
768 961 880 1046 quella
893 961 936 1028 de
953 977 985 1044 3,
1004 959 1035 1026 al
1052 959 1119 1026 fine
1135 957 1169 1023 di
1186 957 1265 1043 quel
1275 977 1379 1024 mese.
1393 957 1437 1022 Er
1449 969 1591 1042 quantoa

388 1086 521 1161 questa:
537 1077 622 1142 Mro.
643 1078 802 1144 Marchez
818 1074 953 1142 mandai
967 1073 1001 1141 io
1017 1094 1084 1142 con
1100 1074 1174 1140 solo
1191 1072 1309 1154 Lucio,
1327 1072 1370 1140 ne
1385 1092 1424 1139 so
1444 1071 1498 1138 chi
1514 1071 1591 1138 sisia

387 1190 409 1255 l'
428 1191 514 1257 altro
526 1190 730 1278 compagnio
742 1194 806 1258 che
821 1211 889 1258 con
900 1190 948 1258 lui
959 1189 1083 1257 arriuo.
1108 1187 1259 1257 Alchuni
1282 1186 1418 1274 capitoli
1441 1190 1505 1254 che
1526 1187 1592 1252 mi²

388 1304 501 1374 scriue
516 1305 549 1372 la
566 1307 605 1370 P.
626 1306 669 1372 V.
689 1327 749 1392 per
765 1307 797 1372 le
823 1325 903 1374 cose
926 1303 1108 1391 pertinenti
1136 1304 1201 1370 alle
1218 1322 1236 1386 3
1257 1323 1404 1389 persone
1428 1305 1435 1336 ¹
1453 1302 1558 1370 subito
1575 1301 1593 1366 li

389 1417 526 1487 mandari
542 1421 575 1486 al
592 1422 637 1490 P.
675 1419 826 1500 Canisio,
858 1421 991 1488 benche
1010 1440 1118 1505 penso
1135 1418 1159 1484 li
1184 1417 1361 1486 medesimi
1387 1416 1503 1485 esserli
1529 1415 1593 1484 stari

390 1534 541 1600 mandati
558 1535 647 1601 dalla
663 1538 702 1602 Ρ.
730 1537 773 1602 V.
793 1535 832 1602 Li
848 1537 894 1601 ho
911 1537 1060 1601 anchora
1081 1535 1239 1602 mandato
1255 1533 1334 1618 quel
1355 1533 1461 1601 breue
1478 1533 1519 1600 de
1537 1533 1593 1600 Sua

389 1650 463 1718 Sta.
482 1649 620 1734 soprail
637 1673 707 1716 non
724 1661 839 1718 entrar
854 1652 956 1730 done,
978 1660 1045 1717 etc.

455 1782 487 1830 2.
535 1765 592 1830 Ho
613 1765 783 1835 riceuutta
805 1766 838 1832 la
864 1776 1001 1852 patente
1028 1787 1088 1851 per
1100 1763 1254 1845 Francia,
1278 1774 1312 1832 et
1333 1763 1368 1830 di
1388 1766 1505 1832 hauer'
1526 1783 1593 1829 cura

389 1877 490 1945 insin'
512 1901 532 1944 a
548 1879 636 1944 finir'
655 1880 678 1946 il
694 1891 795 1962 tutto,
817 1880 920 1949 etiam
940 1881 1027 1950 delle
1047 1879 1221 1966 prouincie
1241 1878 1387 1947 visitate.
1411 1880 1461 1945 Lo
1479 1877 1544 1946 saro
1558 1877 1593 1941 od

383 1993 504 2079 pedem
520 1993 662 2074 litterae,
675 2015 771 2062 come
786 1996 818 2061 la
832 1998 869 2063 Ρ.
888 1997 931 2063 V.
950 1994 1061 2063 scriue
1077 1994 1178 2061 etiam
1195 1993 1229 2060 di
1241 1997 1332 2060 man'
1349 2015 1423 2076 sua;
1437 2015 1493 2061 ma
1502 2013 1593 2079 penso

390 2128 459 2173 non
475 2111 550 2174 sara
566 2107 701 2194 ingrato
716 2111 783 2177 alla
799 2113 838 2176 P.
858 2111 902 2178 V.
920 2132 958 2179 se
970 2131 1069 2195 sopra
1085 2109 1119 2175 di
1132 2109 1185 2176 cio
1206 2107 1392 2195 rapresenti
1414 2109 1525 2194 quello
1543 2109 1595 2174 che

390 2227 434 2289 m’
454 2244 605 2291 occorre.
625 2225 745 2305 Temo,
770 2227 893 2309 Padre,
915 2228 980 2294 che
1000 2247 1069 2292 non
1085 2224 1135 2293 sia
1156 2247 1263 2312 graue
1282 2223 1338 2291 alli
1358 2223 1552 2310 prouinciali
1569 2231 1596 2288 et

387 2339 502 2418 etiam,
520 2338 555 2405 in
570 2339 586 2382 ¹³
606 2340 718 2424 quello
733 2342 798 2410 che
810 2352 907 2408 tocca
922 2365 942 2409 a
957 2341 1111 2421 scriuer',
1126 2341 1182 2407 alli
1198 2340 1328 2421 rettori,
1343 2342 1461 2408 hauer'
1475 2339 1509 2406 di
1524 2337 1595 2406 scri-

389 2455 461 2520 uer'
479 2475 499 2519 a
514 2475 568 2521 me
585 2463 619 2520 et
635 2455 701 2520 alla
714 2457 753 2521 P.
769 2457 827 2536 V.,
846 2465 880 2523 et
894 2459 941 2523 ho
953 2456 1011 2544 gia
1023 2455 1230 2542 esperienza,
1246 2477 1314 2522 non
1327 2458 1391 2523 che
1407 2455 1436 2522 si
1449 2454 1593 2542 grauino
1656 2509 1657 2548 ,

391 2589 447 2633 ma
467 2569 500 2632 d'
519 2570 665 2636 alchune
681 2567 857 2652 -disficolta;
880 2573 1005 2657 perche
1024 2572 1067 2638 da
1094 2571 1233 2658 Dilinga
1249 2582 1283 2639 et
1309 2569 1469 2638 etiamdio
1495 2571 1536 2636 da
1550 2571 1595 2635 In·
1656 2607 1657 2645 r

388 2685 515 2768 spruch
531 2684 577 2748 mi
593 2684 750 2751 scrideno
762 2686 793 2751 le
803 2686 983 2754 medesime
996 2707 1076 2754 cose
1088 2689 1152 2753 che
1163 2689 1277 2753 hanno
1290 2685 1407 2754 scritte
1418 2686 1484 2752 alla
1497 2689 1534 2752 P.
1548 2686 1594 2762 V.‚

389 2808 424 2863 et
441 2799 460 2863 ὁ
476 2798 668 2866 necessario
682 2801 746 2867 che
769 2802 982 2867 anchorache
1008 2801 1041 2868 io
1068 2801 1238 2886 risponda,
1267 2800 1436 2887 aspettino
1464 2800 1595 2886 risposta

390 2911 479 2978 dalla
495 2914 537 2979 V.
558 2914 613 2992 Ρ.,
631 2925 697 2981 etc.
717 2915 841 2999 Quello
857 2918 921 2983 che
936 2937 1022 2982 ame
1039 2935 1176 2984 occorre
1188 2917 1207 2982 ὁ
1219 2918 1283 2984 che
1299 2915 1332 2982 la
1346 2917 1385 2983 P.
1400 2917 1444 2982 V.
1460 2915 1594 2982 scriuese

392 3027 447 3094 alli
464 3027 662 3112 prouinciali
677 3031 754 3111 che,
772 3029 801 3096 si
816 3030 996 3115 pensasino
1008 3033 1123 3098 hauer’
1138 3030 1245 3117 prima
1260 3029 1405 3116 risposta
1418 3032 1463 3097 da
1479 3052 1530 3097 me
1543 3033 1597 3096 che
1655 3017 1656 3094 1

390 3143 479 3208 dalla
496 3144 538 3210 V.
570 3145 624 3222 Ρ.,
647 3165 716 3209 non
731 3145 905 3229 puotendo
924 3154 1075 3231 aspettar
1096 3157 1202 3228 tanto,
1226 3145 1432 3214 scriuessero
1453 3168 1474 3212 a
1494 3169 1555 3225 me,
1570 3155 1598 3212 et

392 3257 494 3326 etiam
511 3257 598 3326 delle
619 3279 697 3325 cose
713 3261 777 3327 che
793 3281 878 3326 sono
898 3260 1081 3347 congionte
1096 3283 1160 3328 con
1176 3263 1209 3328 la
1225 3261 1292 3328 mia
1309 3260 1419 3328 uisita.
1440 3263 1599 3328 Breuiter:

392 3371 425 3439 io
441 3375 486 3438 ho
504 3384 689 3440 muostrata
715 3374 747 3440 la
770 3374 931 3442 difficolt&
951 3378 1014 3442 che
1030 3379 1075 3441 m'
1100 3394 1249 3459 occorre;
1278 3377 1311 3443 la
1327 3379 1364 3444 Ρ.
1394 3379 1438 3446 V.
1457 3376 1600 3444 ordinari

394 3490 508 3573 quello
523 3491 586 3556 che
604 3488 765 3575 meglioli
781 3493 899 3576 parera
915 3491 954 3558 in
970 3493 1130 3557 Domino.

461 3625 492 3688 3.
540 3605 683 3672 intendo
703 3605 736 3671 la
757 3605 958 3673 comissione
973 3609 1037 3673 che
1053 3608 1085 3674 la
1103 3609 1142 3673 Ρ.
1162 3609 1206 3675 V.
1229 3628 1284 3674 me
1298 3629 1341 3676 ne
1360 3607 1403 3676 dd
1420 3608 1455 3674 di
1475 3609 1596 3694 puoter’

391 3740 576 3805 assegnare
592 3719 614 3784 ii
630 3719 776 3805 collegio
793 3721 828 3785 d'
846 3720 1021 3808 Herbipoli
1043 3744 1063 3788 a
1084 3733 1204 3809 questa
1222 3722 1396 3808 prouincia
1415 3745 1437 3791 o
1457 3746 1477 3790 a
1496 3721 1598 3807 quella
1654 3791 1655 3814 ξ

390 3835 434 3903 de
454 3833 639 3901 Germania
658 3833 845 3921 superiore:
869 3857 939 3902 non
959 3835 1003 3903 mi
1020 3858 1104 3904 sono
1127 3840 1275 3905 anchora
1297 3837 1532 3919 determinat03
1550 3857 1598 3901 ma
1654 3829 1655 3892 1

391 3969 492 4034 spero
508 3970 529 4014 a
545 3949 629 4014 farlo
646 3969 713 4014 con
727 3948 759 4015 la
775 3949 885 4034 gratia
896 3948 952 4016 del
968 3949 1114 4037 Signore
1130 3953 1267 4038 quando
1277 3955 1405 4021 hauero
1419 3952 1503 4020 vista
1519 3961 1598 4017 tutta

395 4074 517 4148 questa
533 4063 709 4149 prouincia
726 4063 755 4144 b,
774 4065 906 4132 benchd
922 4086 991 4132 non
1002 4069 1047 4132 ho
1063 4066 1256 4154 significata
1276 4079 1396 4154 questa
1415 4064 1600 4136 indetermi-

395 4179 534 4248 natione
561 4179 591 4244 al
621 4179 663 4243 Ρ.
699 4178 848 4246 Canisio.
879 4181 1019 4266 Quanto
1046 4203 1066 4248 a
1092 4183 1206 4266 quello
1234 4186 1299 4253 che
1325 4183 1358 4251 io
1386 4183 1539 4253 scriueua
1554 4181 1603 4246 del

448 4357 463 4390 α
493 4347 557 4401 Hoc
570 4348 657 4401 verb.
674 4363 762 4419 supra
774 4365 856 4403 vers.
873 4348 984 4405 addidit
997 4349 1124 4406 liba-b
1139 4353 1202 4407 Hoc
1222 4355 1310 4409 verb.
1331 4371 1417 4426 supra
1431 4371 1510 4410 vers.
1532 4349 1607 4406 addi·

394 4437 439 4492 dit
452 4437 578 4500 liba—12
598 4451 615 4506 9
629 4437 719 4492 verba
731 4453 816 4509 seqq.
834 4437 933 4494 addita
945 4447 1014 4495 sunt
1027 4449 1093 4513 post
1105 4442 1214 4515 scripta
1226 4442 1352 4516 reliqua.

448 4575 454 4606 ¹
492 4572 566 4626 Tres
588 4587 634 4625 sc.
660 4567 792 4640 reginae,
813 4569 891 4626 filiae
913 4573 1089 4631 Ferdinandi
1111 4575 1124 4630 1
1146 4576 1284 4647 caesaris,
1297 4575 1335 4632 de
1353 4578 1461 4650 quibus
1473 4577 1601 4650 frequens
1653 4635 1654 4656 1

395 4661 505 4716 mentio
517 4659 595 4714 facta
607 4667 653 4714 est
666 4657 697 4714 in
709 4659 755 4714 his
768 4659 889 4717 litteris.
