<?xml version="1.0" encoding="UTF-8"?>
<!DOCTYPE html PUBLIC "-//W3C//DTD XHTML 1.0 Transitional//EN"
    "http://www.w3.org/TR/xhtml1/DTD/xhtml1-transitional.dtd">
<html xmlns="http://www.w3.org/1999/xhtml" xml:lang="en" lang="en">
 <head>
  <title>
</title>
<meta http-equiv="Content-Type" content="text/html;charset=utf-8" />
  <meta name='ocr-system' content='tesseract 3.04.00' />
  <meta name='ocr-capabilities' content='ocr_page ocr_carea ocr_par ocr_line ocrx_word'/>
</head>
<body>
  <div class='ocr_page' id='page_1' title='image "./epistolaephiero01nadagoog_0421.png"; bbox 0 0 3322 5370; ppageno 0'>
   <div class='ocr_carea' id='block_1_1' title="bbox 413 469 1192 542">
    <p class='ocr_par' dir='ltr' id='par_1_1' title="bbox 413 469 1192 542">
     <span class='ocr_line' id='line_1_1' title="bbox 413 469 1192 542; baseline -0.003 -14"><span class='ocrx_word' id='word_1_1' title='bbox 413 471 468 529; x_wconf 82' lang='lat'><em>382</em></span> <span class='ocrx_word' id='word_1_2' title='bbox 811 471 914 526; x_wconf 71' lang='lat' dir='ltr'><em>Erus.</em></span> <span class='ocrx_word' id='word_1_3' title='bbox 934 470 969 526; x_wconf 90' lang='lat' dir='ltr'><em>P.</em></span> <span class='ocrx_word' id='word_1_4' title='bbox 990 469 1192 542; x_wconf 72' lang='lat' dir='ltr'><em>Ninus-465</em></span> 
     </span>
    </p>
   </div>
   <div class='ocr_carea' id='block_1_2' title="bbox 373 623 1590 1058">
    <p class='ocr_par' dir='ltr' id='par_1_2' title="bbox 373 623 1590 1058">
     <span class='ocr_line' id='line_1_2' title="bbox 445 623 1590 712; baseline 0.002 -22"><span class='ocrx_word' id='word_1_5' title='bbox 445 624 630 709; x_wconf 78' lang='lat' dir='ltr'><em>Inscriptio</em></span> <span class='ocrx_word' id='word_1_6' title='bbox 648 627 686 690; x_wconf 87' lang='lat' dir='ltr'><em>in</em></span> <span class='ocrx_word' id='word_1_7' title='bbox 703 629 822 690; x_wconf 86' lang='lat' dir='ltr'><em>octono</em></span> <span class='ocrx_word' id='word_1_8' title='bbox 837 625 1097 712; x_wconf 78' lang='lat' dir='ltr'><em>pagina:JhuS.</em></span> <span class='ocrx_word' id='word_1_9' title='bbox 1116 625 1313 691; x_wconf 86' lang='lat' dir='ltr'>Admodum</span> <span class='ocrx_word' id='word_1_10' title='bbox 1328 623 1416 692; x_wconf 90' lang='lat' dir='ltr'><em>Rdo.</em></span> <span class='ocrx_word' id='word_1_11' title='bbox 1436 624 1523 692; x_wconf 86' lang='lat' dir='ltr'><em>Patri</em></span> <span class='ocrx_word' id='word_1_12' title='bbox 1538 647 1590 692; x_wconf 91' lang='lat' dir='ltr'><em>no-</em></span> 
     </span>
     <span class='ocr_line' id='line_1_3' title="bbox 373 737 1588 829; baseline 0.001 -23"><span class='ocrx_word' id='word_1_13' title='bbox 373 751 450 806; x_wconf 84' lang='lat' dir='ltr'><em>stro</em></span> <span class='ocrx_word' id='word_1_14' title='bbox 461 738 497 804; x_wconf 90' lang='lat' dir='ltr'><em>in</em></span> <span class='ocrx_word' id='word_1_15' title='bbox 509 739 647 806; x_wconf 88' lang='lat' dir='ltr'><em>Christo</em></span> <span class='ocrx_word' id='word_1_16' title='bbox 660 740 846 806; x_wconf 86' lang='lat' dir='ltr'><em>Francisco</em></span> <span class='ocrx_word' id='word_1_17' title='bbox 863 737 1035 824; x_wconf 79' lang='lat' dir='ltr'><em>assorgia,</em></span> <span class='ocrx_word' id='word_1_18' title='bbox 1049 739 1229 808; x_wconf 84' lang='lat' dir='ltr'><em>Societatis</em></span> <span class='ocrx_word' id='word_1_19' title='bbox 1241 742 1324 829; x_wconf 89' lang='lat' dir='ltr'><em>Jesu</em></span> <span class='ocrx_word' id='word_1_20' title='bbox 1341 739 1527 826; x_wconf 82' lang='lat' dir='ltr'><em>praeposito</em></span> <span class='ocrx_word' id='word_1_21' title='bbox 1537 761 1588 827; x_wconf 84' lang='lat' dir='ltr'><em>ge-</em></span> 
     </span>
     <span class='ocr_line' id='line_1_4' title="bbox 376 853 1587 942; baseline 0.002 -21"><span class='ocrx_word' id='word_1_22' title='bbox 376 854 497 938; x_wconf 87' lang='lat' dir='ltr'><em>nerali,</em></span> <span class='ocrx_word' id='word_1_23' title='bbox 515 865 582 923; x_wconf 88' lang='lat' dir='ltr'><em>etc.</em></span> <span class='ocrx_word' id='word_1_24' title='bbox 601 857 720 922; x_wconf 86' lang='lat' dir='ltr'><em>Roma.</em></span> <span class='ocrx_word' id='word_1_25' title='bbox 735 855 819 922; x_wconf 85' lang='lat' dir='ltr'><em>Alia</em></span> <span class='ocrx_word' id='word_1_26' title='bbox 835 875 955 920; x_wconf 76' lang='lat' dir='ltr'><em>mansu</em></span> <span class='ocrx_word' id='word_1_27' title='bbox 967 853 989 942; x_wconf 87' lang='lat'>†</span> <span class='ocrx_word' id='word_1_28' title='bbox 1000 877 1035 942; x_wconf 90' lang='lat' dir='ltr'><em>p.</em></span> <span class='ocrx_word' id='word_1_29' title='bbox 1050 875 1082 920; x_wconf 85' lang='lat' dir='ltr'><em>e.</em></span> <span class='ocrx_word' id='word_1_30' title='bbox 1096 877 1142 920; x_wconf 91' lang='lat' dir='ltr'><em>m.</em></span> <span class='ocrx_word' id='word_1_31' title='bbox 1163 855 1257 939; x_wconf 84' lang='lat'><strong>1567.</strong></span> <span class='ocrx_word' id='word_1_32' title='bbox 1273 855 1462 942; x_wconf 86' lang='lat' dir='ltr'><em>Moguntia.</em></span> <span class='ocrx_word' id='word_1_33' title='bbox 1479 857 1517 923; x_wconf 91' lang='lat' dir='ltr'><em>P.</em></span> <span class='ocrx_word' id='word_1_34' title='bbox 1529 856 1587 923; x_wconf 87' lang='lat' dir='ltr'><em>Na-</em></span> 
     </span>
     <span class='ocr_line' id='line_1_5' title="bbox 375 968 1119 1058; baseline 0 -22"><span class='ocrx_word' id='word_1_35' title='bbox 375 970 459 1036; x_wconf 82' lang='lat' dir='ltr'><em>tale.</em></span> <span class='ocrx_word' id='word_1_36' title='bbox 478 987 522 1036; x_wconf 85' lang='lat'><em>20</em></span> <span class='ocrx_word' id='word_1_37' title='bbox 537 969 571 1036; x_wconf 93' lang='lat' dir='ltr'><em>di</em></span> <span class='ocrx_word' id='word_1_38' title='bbox 588 968 709 1037; x_wconf 88' lang='lat' dir='ltr'><em>Febr.⁰</em></span> <span class='ocrx_word' id='word_1_39' title='bbox 726 971 765 1058; x_wconf 69' lang='grc' dir='ltr'><em>β.</em></span> <span class='ocrx_word' id='word_1_40' title='bbox 791 969 980 1057; x_wconf 77' lang='lat' dir='ltr'><em>Vestigium</em></span> <span class='ocrx_word' id='word_1_41' title='bbox 997 969 1119 1058; x_wconf 84' lang='lat' dir='ltr'><em>sigilli.</em></span> 
     </span>
    </p>
   </div>
   <div class='ocr_carea' id='block_1_3' title="bbox 958 1117 1051 1180">
    <p class='ocr_par' dir='ltr' id='par_1_3' title="bbox 958 1117 1051 1180">
     <span class='ocr_line' id='line_1_6' title="bbox 958 1117 1051 1180; baseline 0 0"><span class='ocrx_word' id='word_1_42' title='bbox 958 1117 1051 1180; x_wconf 72' lang='grc'><em>165</em></span> 
     </span>
    </p>
   </div>
   <div class='ocr_carea' id='block_1_4' title="bbox 716 1226 1280 1295">
    <p class='ocr_par' dir='ltr' id='par_1_4' title="bbox 716 1226 1280 1295">
     <span class='ocr_line' id='line_1_7' title="bbox 716 1226 1280 1295; baseline 0.004 -3"><span class='ocrx_word' id='word_1_43' title='bbox 716 1229 755 1293; x_wconf 91' lang='lat' dir='ltr'><em>P.</em></span> <span class='ocrx_word' id='word_1_44' title='bbox 784 1227 1092 1295; x_wconf 89' lang='lat' dir='ltr'>HIERONYMUS</span> <span class='ocrx_word' id='word_1_45' title='bbox 1115 1226 1280 1294; x_wconf 83' lang='lat' dir='ltr'>NADAL</span> 
     </span>
    </p>
   </div>
   <div class='ocr_carea' id='block_1_5' title="bbox 625 1337 1361 1508">
    <p class='ocr_par' dir='ltr' id='par_1_5' title="bbox 625 1337 1361 1508">
     <span class='ocr_line' id='line_1_8' title="bbox 625 1337 1361 1413; baseline 0 -17"><span class='ocrx_word' id='word_1_46' title='bbox 625 1339 808 1398; x_wconf 77' lang='lat' dir='ltr'>SANCTO</span> <span class='ocrx_word' id='word_1_47' title='bbox 836 1337 1104 1399; x_wconf 82' lang='lat' dir='ltr'>FRANCISCO</span> <span class='ocrx_word' id='word_1_48' title='bbox 1132 1341 1189 1396; x_wconf 83' lang='lat' dir='ltr'><em>DE</em></span> <span class='ocrx_word' id='word_1_49' title='bbox 1217 1339 1361 1413; x_wconf 84' lang='lat' dir='ltr'>BORJA</span> 
     </span>
     <span class='ocr_line' id='line_1_9' title="bbox 717 1437 1267 1508; baseline 0.005 -17"><span class='ocrx_word' id='word_1_50' title='bbox 717 1449 1147 1508; x_wconf 76' lang='lat' dir='ltr'><em>uocunr1ns,2osasnuaau</em></span> <span class='ocrx_word' id='word_1_51' title='bbox 1162 1437 1229 1507; x_wconf 86' lang='lat'><strong>1567</strong></span> <span class='ocrx_word' id='word_1_52' title='bbox 1244 1441 1267 1494; x_wconf 84' lang='lat'><em>¹.</em></span> 
     </span>
    </p>
   </div>
   <div class='ocr_carea' id='block_1_6' title="bbox 377 1535 1655 2673">
    <p class='ocr_par' dir='ltr' id='par_1_6' title="bbox 377 1535 1655 2673">
     <span class='ocr_line' id='line_1_10' title="bbox 377 1535 1589 1610; baseline 0 -20"><span class='ocrx_word' id='word_1_53' title='bbox 377 1547 405 1591; x_wconf 69' lang='grc' dir='ltr'><em>ι.</em></span> <span class='ocrx_word' id='word_1_54' title='bbox 420 1535 543 1591; x_wconf 86' lang='lat' dir='ltr'><em>Natalis</em></span> <span class='ocrx_word' id='word_1_55' title='bbox 552 1540 640 1610; x_wconf 83' lang='lat' dir='ltr'><em>gesta</em></span> <span class='ocrx_word' id='word_1_56' title='bbox 654 1535 843 1608; x_wconf 84' lang='lat' dir='ltr'><em>Moguntiae:</em></span> <span class='ocrx_word' id='word_1_57' title='bbox 856 1536 931 1590; x_wconf 87' lang='lat' dir='ltr'><em>ordo</em></span> <span class='ocrx_word' id='word_1_58' title='bbox 947 1535 1094 1590; x_wconf 80' lang='lat' dir='ltr'><em>tirocinii:</em></span> <span class='ocrx_word' id='word_1_59' title='bbox 1106 1536 1259 1608; x_wconf 74' lang='lat' dir='ltr'><em>separatio</em></span> <span class='ocrx_word' id='word_1_60' title='bbox 1275 1537 1427 1592; x_wconf 84' lang='lat' dir='ltr'><em>convictus</em></span> <span class='ocrx_word' id='word_1_61' title='bbox 1443 1541 1471 1593; x_wconf 84' lang='lat' dir='ltr'><em>el</em></span> <span class='ocrx_word' id='word_1_62' title='bbox 1486 1535 1589 1608; x_wconf 79' lang='lat' dir='ltr'><em>collegii</em></span> 
     </span>
     <span class='ocr_line' id='line_1_11' title="bbox 416 1623 1589 1699; baseline 0.002 -20"><span class='ocrx_word' id='word_1_63' title='bbox 416 1624 581 1681; x_wconf 86' lang='lat' dir='ltr'><em>Societatis:</em></span> <span class='ocrx_word' id='word_1_64' title='bbox 595 1625 766 1680; x_wconf 79' lang='lat' dir='ltr'><em>scholarum</em></span> <span class='ocrx_word' id='word_1_65' title='bbox 779 1623 945 1679; x_wconf 84' lang='lat' dir='ltr'><em>ordinatio:</em></span> <span class='ocrx_word' id='word_1_66' title='bbox 963 1624 1126 1695; x_wconf 73' lang='lat' dir='ltr'><em>disciplina</em></span> <span class='ocrx_word' id='word_1_67' title='bbox 1142 1625 1315 1680; x_wconf 86' lang='lat' dir='ltr'><em>domestica:</em></span> <span class='ocrx_word' id='word_1_68' title='bbox 1335 1627 1492 1699; x_wconf 82' lang='lat' dir='ltr'><em>templum:</em></span> <span class='ocrx_word' id='word_1_69' title='bbox 1505 1629 1589 1698; x_wconf 81' lang='lat' dir='ltr'><em>perso</em></span> 
     </span>
     <span class='ocr_line' id='line_1_12' title="bbox 415 1709 1587 1785; baseline 0 -19"><span class='ocrx_word' id='word_1_70' title='bbox 415 1727 489 1768; x_wconf 82' lang='lat' dir='ltr'><em>nne:</em></span> <span class='ocrx_word' id='word_1_71' title='bbox 508 1713 619 1768; x_wconf 86' lang='lat' dir='ltr'><em>Petrus</em></span> <span class='ocrx_word' id='word_1_72' title='bbox 640 1711 828 1767; x_wconf 86' lang='lat' dir='ltr'><em>coloniensis:</em></span> <span class='ocrx_word' id='word_1_73' title='bbox 850 1713 999 1785; x_wconf 82' lang='lat' dir='ltr'><em>magister</em></span> <span class='ocrx_word' id='word_1_74' title='bbox 1010 1709 1158 1782; x_wconf 87' lang='lat' dir='ltr'><em>Jodocns:</em></span> <span class='ocrx_word' id='word_1_75' title='bbox 1180 1716 1240 1767; x_wconf 85' lang='lat' dir='ltr'><em>tres</em></span> <span class='ocrx_word' id='word_1_76' title='bbox 1258 1715 1418 1769; x_wconf 83' lang='lat' dir='ltr'><em>candidati</em></span> <span class='ocrx_word' id='word_1_77' title='bbox 1440 1715 1587 1770; x_wconf 82' lang='lat' dir='ltr'><em>Societatis:</em></span> 
     </span>
     <span class='ocr_line' id='line_1_13' title="bbox 409 1799 1587 1874; baseline 0.002 -20"><span class='ocrx_word' id='word_1_78' title='bbox 409 1800 564 1856; x_wconf 81' lang='lat' dir='ltr'><em>librorum</em></span> <span class='ocrx_word' id='word_1_79' title='bbox 588 1801 730 1856; x_wconf 87' lang='lat' dir='ltr'><em>delectus:</em></span> <span class='ocrx_word' id='word_1_80' title='bbox 754 1799 856 1865; x_wconf 64' lang='lat' dir='ltr'><em>vam,</em></span> <span class='ocrx_word' id='word_1_81' title='bbox 881 1801 923 1855; x_wconf 89' lang='lat' dir='ltr'><em>nd</em></span> <span class='ocrx_word' id='word_1_82' title='bbox 947 1801 1139 1856; x_wconf 74' lang='lat' dir='ltr'><em>domesticam</em></span> <span class='ocrx_word' id='word_1_83' title='bbox 1164 1801 1357 1873; x_wconf 70' lang='lat' dir='ltr'><em>disciplinam</em></span> <span class='ocrx_word' id='word_1_84' title='bbox 1387 1803 1587 1874; x_wconf 67' lang='lat' dir='ltr'><em>spedantia-</em></span> 
     </span>
     <span class='ocr_line' id='line_1_14' title="bbox 409 1889 1586 1963; baseline 0.002 -19"><span class='ocrx_word' id='word_1_85' title='bbox 409 1903 445 1947; x_wconf 75' lang='lat'><em>2.</em></span> <span class='ocrx_word' id='word_1_86' title='bbox 463 1889 504 1945; x_wconf 90' lang='lat' dir='ltr'><em>P.</em></span> <span class='ocrx_word' id='word_1_87' title='bbox 528 1889 620 1946; x_wconf 83' lang='lat' dir='ltr'><em>Vinch</em></span> <span class='ocrx_word' id='word_1_88' title='bbox 638 1890 778 1944; x_wconf 83' lang='lat' dir='ltr'><em>Treviros</em></span> <span class='ocrx_word' id='word_1_89' title='bbox 795 1889 931 1944; x_wconf 75' lang='lat' dir='ltr'><em>mittitur</em></span> <span class='ocrx_word' id='word_1_90' title='bbox 942 1890 984 1944; x_wconf 85' lang='lat' dir='ltr'><em>nd</em></span> <span class='ocrx_word' id='word_1_91' title='bbox 1001 1893 1199 1960; x_wconf 73' lang='lat' dir='ltr'><em>tempus-3.</em></span> <span class='ocrx_word' id='word_1_92' title='bbox 1218 1889 1264 1945; x_wconf 82' lang='lat' dir='ltr'><em>De</em></span> <span class='ocrx_word' id='word_1_93' title='bbox 1281 1891 1407 1962; x_wconf 83' lang='lat' dir='ltr'><em>collegio</em></span> <span class='ocrx_word' id='word_1_94' title='bbox 1423 1891 1586 1963; x_wconf 85' lang='lat' dir='ltr'><em>spirensi.-</em></span> 
     </span>
     <span class='ocr_line' id='line_1_15' title="bbox 409 1977 1586 2051; baseline -0.003 -17"><span class='ocrx_word' id='word_1_95' title='bbox 409 1993 449 2047; x_wconf 76' lang='grc'><em>4.</em></span> <span class='ocrx_word' id='word_1_96' title='bbox 470 1977 781 2051; x_wconf 79' lang='lat' dir='ltr'><em>Ascltaffemburgnm</em></span> <span class='ocrx_word' id='word_1_97' title='bbox 798 1977 921 2032; x_wconf 86' lang='lat' dir='ltr'><em>Natalis</em></span> <span class='ocrx_word' id='word_1_98' title='bbox 937 1995 1004 2032; x_wconf 89' lang='lat' dir='ltr'><em>cnm</em></span> <span class='ocrx_word' id='word_1_99' title='bbox 1023 1977 1093 2032; x_wconf 87' lang='lat' dir='ltr'><em>PP.</em></span> <span class='ocrx_word' id='word_1_100' title='bbox 1125 1977 1217 2033; x_wconf 84' lang='lat' dir='ltr'><em>Vincle</em></span> <span class='ocrx_word' id='word_1_101' title='bbox 1239 1985 1267 2034; x_wconf 89' lang='lat' dir='ltr'><em>et</em></span> <span class='ocrx_word' id='word_1_102' title='bbox 1288 1979 1372 2034; x_wconf 85' lang='lat' dir='ltr'><em>Aner</em></span> <span class='ocrx_word' id='word_1_103' title='bbox 1389 1979 1586 2051; x_wconf 75' lang='lat' dir='ltr'><em>proficiscitur:</em></span> 
     </span>
     <span class='ocr_line' id='line_1_16' title="bbox 410 2067 1586 2140; baseline 0 -18"><span class='ocrx_word' id='word_1_104' title='bbox 410 2085 484 2122; x_wconf 85' lang='lat' dir='ltr'><em>cum</em></span> <span class='ocrx_word' id='word_1_105' title='bbox 495 2069 715 2140; x_wconf 80' lang='lat' dir='ltr'><em>archiepiscopo</em></span> <span class='ocrx_word' id='word_1_106' title='bbox 728 2067 764 2121; x_wconf 84' lang='lat' dir='ltr'><em>de</em></span> <span class='ocrx_word' id='word_1_107' title='bbox 781 2067 902 2138; x_wconf 83' lang='lat' dir='ltr'><em>collegii</em></span> <span class='ocrx_word' id='word_1_108' title='bbox 913 2067 1090 2138; x_wconf 82' lang='lat' dir='ltr'><em>moguntini</em></span> <span class='ocrx_word' id='word_1_109' title='bbox 1106 2067 1258 2122; x_wconf 82' lang='lat' dir='ltr'><em>dotatione</em></span> <span class='ocrx_word' id='word_1_110' title='bbox 1276 2067 1494 2140; x_wconf 58' lang='lat' dir='ltr'><em>negotiatum·</em></span> <span class='ocrx_word' id='word_1_111' title='bbox 1498 2083 1523 2136; x_wconf 89' lang='lat'><em>5.</em></span> <span class='ocrx_word' id='word_1_112' title='bbox 1537 2067 1586 2122; x_wconf 87' lang='lat' dir='ltr'><em>No·</em></span> 
     </span>
     <span class='ocr_line' id='line_1_17' title="bbox 415 2153 1586 2230; baseline -0.002 -20"><span class='ocrx_word' id='word_1_113' title='bbox 415 2157 487 2212; x_wconf 84' lang='lat' dir='ltr'><em>talis</em></span> <span class='ocrx_word' id='word_1_114' title='bbox 509 2153 748 2228; x_wconf 85' lang='lat' dir='ltr'><em>Francosordioe</em></span> <span class='ocrx_word' id='word_1_115' title='bbox 770 2159 883 2209; x_wconf 85' lang='lat' dir='ltr'><em>statum</em></span> <span class='ocrx_word' id='word_1_116' title='bbox 903 2155 1052 2210; x_wconf 84' lang='lat' dir='ltr'><em>sociorum</em></span> <span class='ocrx_word' id='word_1_117' title='bbox 1075 2155 1208 2227; x_wconf 83' lang='lat' dir='ltr'><em>inspicit:</em></span> <span class='ocrx_word' id='word_1_118' title='bbox 1226 2157 1359 2211; x_wconf 87' lang='lat' dir='ltr'><em>rationes</em></span> <span class='ocrx_word' id='word_1_119' title='bbox 1373 2161 1435 2230; x_wconf 83' lang='lat' dir='ltr'><em>pro</em></span> <span class='ocrx_word' id='word_1_120' title='bbox 1455 2161 1482 2213; x_wconf 83' lang='lat' dir='ltr'><em>at</em></span> <span class='ocrx_word' id='word_1_121' title='bbox 1499 2159 1586 2211; x_wconf 72' lang='lat' dir='ltr'><em>candro</em></span> 
     </span>
     <span class='ocr_line' id='line_1_18' title="bbox 414 2241 1588 2317; baseline 0 -19"><span class='ocrx_word' id='word_1_122' title='bbox 414 2243 537 2317; x_wconf 86' lang='lat' dir='ltr'><em>collegii</em></span> <span class='ocrx_word' id='word_1_123' title='bbox 561 2244 782 2299; x_wconf 78' lang='lat' dir='ltr'><em>institutionem</em></span> <span class='ocrx_word' id='word_1_124' title='bbox 805 2243 956 2314; x_wconf 83' lang='lat' dir='ltr'><em>expendit:</em></span> <span class='ocrx_word' id='word_1_125' title='bbox 981 2241 1071 2297; x_wconf 91' lang='lat' dir='ltr'><em>illam</em></span> <span class='ocrx_word' id='word_1_126' title='bbox 1095 2244 1221 2299; x_wconf 88' lang='lat' dir='ltr'><em>minime</em></span> <span class='ocrx_word' id='word_1_127' title='bbox 1249 2245 1387 2316; x_wconf 79' lang='lat' dir='ltr'><em>expedire</em></span> <span class='ocrx_word' id='word_1_128' title='bbox 1411 2244 1588 2302; x_wconf 75' lang='lat' dir='ltr'><em>condedit.-</em></span> 
     </span>
     <span class='ocr_line' id='line_1_19' title="bbox 415 2330 1587 2405; baseline -0.002 -17"><span class='ocrx_word' id='word_1_129' title='bbox 415 2332 445 2388; x_wconf 84' lang='lat'><em>6.</em></span> <span class='ocrx_word' id='word_1_130' title='bbox 457 2331 661 2404; x_wconf 85' lang='lat' dir='ltr'><em>Difficultates</em></span> <span class='ocrx_word' id='word_1_131' title='bbox 670 2333 704 2386; x_wconf 91' lang='lat' dir='ltr'><em>in</em></span> <span class='ocrx_word' id='word_1_132' title='bbox 703 2330 892 2403; x_wconf 84' lang='lat' dir='ltr'><em>fundatione</em></span> <span class='ocrx_word' id='word_1_133' title='bbox 901 2331 1031 2403; x_wconf 82' lang='lat' dir='ltr'><em>spirensi</em></span> <span class='ocrx_word' id='word_1_134' title='bbox 1042 2336 1229 2388; x_wconf 84' lang='lat' dir='ltr'><em>occurrentes</em></span> <span class='ocrx_word' id='word_1_135' title='bbox 1234 2335 1519 2405; x_wconf 57' lang='lat' dir='ltr'><em>proponuntnrep</em></span> <span class='ocrx_word' id='word_1_136' title='bbox 1526 2332 1587 2387; x_wconf 81' lang='lat' dir='ltr'><em>llar-</em></span> 
     </span>
     <span class='ocr_line' id='line_1_20' title="bbox 410 2418 1587 2494; baseline -0.002 -19"><span class='ocrx_word' id='word_1_137' title='bbox 410 2421 571 2493; x_wconf 84' lang='lat' dir='ltr'><em>hipolensis</em></span> <span class='ocrx_word' id='word_1_138' title='bbox 583 2425 754 2476; x_wconf 85' lang='lat' dir='ltr'><em>contractus</em></span> <span class='ocrx_word' id='word_1_139' title='bbox 761 2420 903 2492; x_wconf 86' lang='lat' dir='ltr'><em>formula</em></span> <span class='ocrx_word' id='word_1_140' title='bbox 913 2420 1013 2491; x_wconf 87' lang='lat' dir='ltr'><em>placet</em></span> <span class='ocrx_word' id='word_1_141' title='bbox 1029 2418 1153 2476; x_wconf 89' lang='lat' dir='ltr'><em>Canisio</em></span> <span class='ocrx_word' id='word_1_142' title='bbox 1165 2426 1193 2476; x_wconf 85' lang='lat' dir='ltr'><em>at</em></span> <span class='ocrx_word' id='word_1_143' title='bbox 1206 2421 1323 2488; x_wconf 87' lang='lat' dir='ltr'><em>Natali;</em></span> <span class='ocrx_word' id='word_1_144' title='bbox 1333 2427 1437 2494; x_wconf 87' lang='lat' dir='ltr'><em>panca</em></span> <span class='ocrx_word' id='word_1_145' title='bbox 1458 2428 1549 2477; x_wconf 87' lang='lat' dir='ltr'><em>tamen</em></span> <span class='ocrx_word' id='word_1_146' title='bbox 1558 2421 1587 2474; x_wconf 85' lang='lat' dir='ltr'><em>ab</em></span> 
     </span>
     <span class='ocr_line' id='line_1_21' title="bbox 412 2509 1587 2575; baseline -0.003 -9"><span class='ocrx_word' id='word_1_147' title='bbox 412 2511 466 2565; x_wconf 83' lang='lat' dir='ltr'><em>lioc</em></span> <span class='ocrx_word' id='word_1_148' title='bbox 478 2513 636 2565; x_wconf 85' lang='lat' dir='ltr'><em>notantur.</em></span> <span class='ocrx_word' id='word_1_149' title='bbox 645 2509 710 2563; x_wconf 88' lang='lat'><em>-8.</em></span> <span class='ocrx_word' id='word_1_150' title='bbox 729 2509 869 2564; x_wconf 84' lang='lat' dir='ltr'><em>Doctores</em></span> <span class='ocrx_word' id='word_1_151' title='bbox 878 2509 978 2564; x_wconf 86' lang='lat' dir='ltr'><em>selecti</em></span> <span class='ocrx_word' id='word_1_152' title='bbox 986 2525 1053 2563; x_wconf 86' lang='lat' dir='ltr'><em>cnm</em></span> <span class='ocrx_word' id='word_1_153' title='bbox 1065 2509 1159 2565; x_wconf 87' lang='lat' dir='ltr'><em>Patre</em></span> <span class='ocrx_word' id='word_1_154' title='bbox 1170 2509 1262 2574; x_wconf 78' lang='lat' dir='ltr'><em>Phae,</em></span> <span class='ocrx_word' id='word_1_155' title='bbox 1273 2511 1489 2575; x_wconf 82' lang='lat' dir='ltr'><em>concionatore,</em></span> <span class='ocrx_word' id='word_1_156' title='bbox 1498 2509 1587 2564; x_wconf 82' lang='lat' dir='ltr'><em>Herli-</em></span> 
     </span>
     <span class='ocr_line' id='line_1_22' title="bbox 411 2597 1655 2673; baseline 0.001 -21"><span class='ocrx_word' id='word_1_157' title='bbox 411 2598 508 2672; x_wconf 91' lang='lat' dir='ltr'><em>polim</em></span> <span class='ocrx_word' id='word_1_158' title='bbox 522 2598 663 2653; x_wconf 89' lang='lat' dir='ltr'><em>mittendi</em></span> <span class='ocrx_word' id='word_1_159' title='bbox 676 2599 828 2662; x_wconf 81' lang='lat' dir='ltr'><em>uidentur,</em></span> <span class='ocrx_word' id='word_1_160' title='bbox 844 2601 877 2651; x_wconf 84' lang='lat' dir='ltr'><em>ut</em></span> <span class='ocrx_word' id='word_1_161' title='bbox 892 2597 1092 2669; x_wconf 83' lang='lat' dir='ltr'><em>expectationi</em></span> <span class='ocrx_word' id='word_1_162' title='bbox 1103 2597 1236 2652; x_wconf 84' lang='lat' dir='ltr'><em>civitatis</em></span> <span class='ocrx_word' id='word_1_163' title='bbox 1247 2598 1390 2671; x_wconf 80' lang='lat' dir='ltr'><em>satisfiat.</em></span> <span class='ocrx_word' id='word_1_164' title='bbox 1654 2599 1655 2673; x_wconf 72' lang='lat' dir='ltr'><em>l</em></span> 
     </span>
    </p>
   </div>
   <div class='ocr_carea' id='block_1_7' title="bbox 372 2695 1653 3934">
    <p class='ocr_par' dir='ltr' id='par_1_7' title="bbox 372 2695 1654 3934">
     <span class='ocr_line' id='line_1_23' title="bbox 455 2695 1583 2785; baseline -0.005 -21"><span class='ocrx_word' id='word_1_165' title='bbox 455 2715 484 2764; x_wconf 94' lang='lat'><em>1.</em></span> <span class='ocrx_word' id='word_1_166' title='bbox 527 2699 625 2785; x_wconf 87' lang='lat' dir='ltr'><em>Jhus.</em></span> <span class='ocrx_word' id='word_1_167' title='bbox 649 2698 754 2763; x_wconf 91' lang='lat' dir='ltr'><em>Molto</em></span> <span class='ocrx_word' id='word_1_168' title='bbox 771 2697 859 2763; x_wconf 91' lang='lat' dir='ltr'><em>Rdo.</em></span> <span class='ocrx_word' id='word_1_169' title='bbox 879 2699 918 2762; x_wconf 91' lang='lat' dir='ltr'><em>P.</em></span> <span class='ocrx_word' id='word_1_170' title='bbox 938 2697 982 2762; x_wconf 93' lang='lat' dir='ltr'><em>N.</em></span> <span class='ocrx_word' id='word_1_171' title='bbox 1001 2695 1035 2761; x_wconf 91' lang='lat' dir='ltr'><em>in</em></span> <span class='ocrx_word' id='word_1_172' title='bbox 1053 2695 1200 2764; x_wconf 89' lang='lat' dir='ltr'><em>Christo.</em></span> <span class='ocrx_word' id='word_1_173' title='bbox 1221 2699 1292 2764; x_wconf 85' lang='lat' dir='ltr'><em>Pax</em></span> <span class='ocrx_word' id='word_1_174' title='bbox 1312 2697 1454 2778; x_wconf 76' lang='lat' dir='ltr'><em>Christi,</em></span> <span class='ocrx_word' id='word_1_175' title='bbox 1474 2707 1535 2764; x_wconf 81' lang='lat' dir='ltr'><em>etc.</em></span> <span class='ocrx_word' id='word_1_176' title='bbox 1554 2696 1583 2760; x_wconf 91' lang='lat' dir='ltr'><em>ln</em></span> 
     </span>
     <span class='ocr_line' id='line_1_24' title="bbox 374 2809 1583 2898; baseline -0.003 -20"><span class='ocrx_word' id='word_1_177' title='bbox 374 2821 503 2896; x_wconf 75' lang='lat' dir='ltr'><em>questa</em></span> <span class='ocrx_word' id='word_1_178' title='bbox 518 2833 583 2878; x_wconf 90' lang='lat' dir='ltr'><em>con</em></span> <span class='ocrx_word' id='word_1_179' title='bbox 598 2811 631 2877; x_wconf 89' lang='lat' dir='ltr'><em>la</em></span> <span class='ocrx_word' id='word_1_180' title='bbox 654 2811 763 2898; x_wconf 85' lang='lat' dir='ltr'><em>gratia</em></span> <span class='ocrx_word' id='word_1_181' title='bbox 779 2811 833 2879; x_wconf 87' lang='lat' dir='ltr'><em>del</em></span> <span class='ocrx_word' id='word_1_182' title='bbox 857 2809 1004 2897; x_wconf 87' lang='lat' dir='ltr'><em>Signore</em></span> <span class='ocrx_word' id='word_1_183' title='bbox 1027 2811 1108 2876; x_wconf 82' lang='lat' dir='ltr'><em>dato</em></span> <span class='ocrx_word' id='word_1_184' title='bbox 1131 2809 1271 2898; x_wconf 85' lang='lat' dir='ltr'><em>ragione</em></span> <span class='ocrx_word' id='word_1_185' title='bbox 1291 2812 1356 2878; x_wconf 87' lang='lat' dir='ltr'><em>alla</em></span> <span class='ocrx_word' id='word_1_186' title='bbox 1376 2813 1419 2879; x_wconf 90' lang='lat' dir='ltr'><em>P.</em></span> <span class='ocrx_word' id='word_1_187' title='bbox 1446 2814 1488 2880; x_wconf 88' lang='lat' dir='ltr'><em>V.</em></span> <span class='ocrx_word' id='word_1_188' title='bbox 1511 2809 1583 2879; x_wconf 83' lang='lat' dir='ltr'><em>della</em></span> 
     </span>
     <span class='ocr_line' id='line_1_25' title="bbox 374 2924 1653 3026; baseline 0.002 -36"><span class='ocrx_word' id='word_1_189' title='bbox 374 2924 584 3008; x_wconf 85' lang='lat' dir='ltr'><em>visitatione,</em></span> <span class='ocrx_word' id='word_1_190' title='bbox 599 2926 819 2994; x_wconf 83' lang='lat' dir='ltr'><em>brenemente</em></span> <span class='ocrx_word' id='word_1_191' title='bbox 830 2936 960 3010; x_wconf 86' lang='lat' dir='ltr'><em>quanto</em></span> <span class='ocrx_word' id='word_1_192' title='bbox 973 2926 1106 3011; x_wconf 81' lang='lat' dir='ltr'><em>puotro,</em></span> <span class='ocrx_word' id='word_1_193' title='bbox 1121 2936 1156 2993; x_wconf 90' lang='lat' dir='ltr'><em>et</em></span> <span class='ocrx_word' id='word_1_194' title='bbox 1166 2925 1246 2992; x_wconf 90' lang='lat' dir='ltr'><em>delli</em></span> <span class='ocrx_word' id='word_1_195' title='bbox 1258 2925 1388 3013; x_wconf 85' lang='lat' dir='ltr'><em>negotii</em></span> <span class='ocrx_word' id='word_1_196' title='bbox 1401 2926 1524 2995; x_wconf 80' lang='lat' dir='ltr'><em>trattati</em></span> <span class='ocrx_word' id='word_1_197' title='bbox 1534 2945 1583 3011; x_wconf 82' lang='lat' dir='ltr'><em>per</em></span> <span class='ocrx_word' id='word_1_198' title='bbox 1652 3011 1653 3026; x_wconf 17' lang='grc' dir='ltr'>ἢ</span> 
     </span>
     <span class='ocr_line' id='line_1_26' title="bbox 377 3039 1583 3127; baseline -0.003 -19"><span class='ocrx_word' id='word_1_199' title='bbox 377 3040 415 3108; x_wconf 92' lang='lat' dir='ltr'><em>di</em></span> <span class='ocrx_word' id='word_1_200' title='bbox 432 3062 511 3126; x_wconf 88' lang='lat' dir='ltr'><em>qua.</em></span> <span class='ocrx_word' id='word_1_201' title='bbox 528 3042 565 3107; x_wconf 94' lang='lat' dir='ltr'><em>Io</em></span> <span class='ocrx_word' id='word_1_202' title='bbox 582 3043 737 3110; x_wconf 88' lang='lat' dir='ltr'><em>venendo</em></span> <span class='ocrx_word' id='word_1_203' title='bbox 754 3041 790 3106; x_wconf 92' lang='lat' dir='ltr'><em>di</em></span> <span class='ocrx_word' id='word_1_204' title='bbox 805 3061 871 3125; x_wconf 87' lang='lat' dir='ltr'><em>qua</em></span> <span class='ocrx_word' id='word_1_205' title='bbox 888 3039 933 3107; x_wconf 89' lang='lat' dir='ltr'><em>mi</em></span> <span class='ocrx_word' id='word_1_206' title='bbox 950 3039 1160 3120; x_wconf 80' lang='lat' dir='ltr'><em>determinat,</em></span> <span class='ocrx_word' id='word_1_207' title='bbox 1179 3041 1296 3127; x_wconf 89' lang='lat' dir='ltr'><em>prima,</em></span> <span class='ocrx_word' id='word_1_208' title='bbox 1315 3063 1420 3108; x_wconf 84' lang='lat' dir='ltr'><em>anon</em></span> <span class='ocrx_word' id='word_1_209' title='bbox 1436 3039 1583 3110; x_wconf 88' lang='lat' dir='ltr'><em>andar¹in</em></span> 
     </span>
     <span class='ocr_line' id='line_1_27' title="bbox 380 3153 1652 3252; baseline -0.002 -30"><span class='ocrx_word' id='word_1_210' title='bbox 380 3157 479 3238; x_wconf 87' lang='lat' dir='ltr'><em>freta,</em></span> <span class='ocrx_word' id='word_1_211' title='bbox 499 3168 533 3226; x_wconf 88' lang='lat' dir='ltr'><em>et</em></span> <span class='ocrx_word' id='word_1_212' title='bbox 549 3156 603 3242; x_wconf 90' lang='lat' dir='ltr'><em>poi</em></span> <span class='ocrx_word' id='word_1_213' title='bbox 620 3155 817 3225; x_wconf 88' lang='lat' dir='ltr'><em>tratenermi</em></span> <span class='ocrx_word' id='word_1_214' title='bbox 833 3165 905 3223; x_wconf 70' lang='lat' dir='ltr'><em>vn*</em></span> <span class='ocrx_word' id='word_1_215' title='bbox 926 3175 1011 3242; x_wconf 89' lang='lat' dir='ltr'><em>poco</em></span> <span class='ocrx_word' id='word_1_216' title='bbox 1027 3155 1085 3242; x_wconf 75' lang='lat' dir='ltr'><em>piis</em></span> <span class='ocrx_word' id='word_1_217' title='bbox 1101 3157 1156 3222; x_wconf 87' lang='lat' dir='ltr'><em>del</em></span> <span class='ocrx_word' id='word_1_218' title='bbox 1171 3155 1374 3237; x_wconf 87' lang='lat' dir='ltr'><em>necessario,</em></span> <span class='ocrx_word' id='word_1_219' title='bbox 1399 3179 1460 3244; x_wconf 87' lang='lat' dir='ltr'><em>per</em></span> <span class='ocrx_word' id='word_1_220' title='bbox 1480 3153 1584 3244; x_wconf 84' lang='lat' dir='ltr'><em>pigliar</em></span> <span class='ocrx_word' id='word_1_221' title='bbox 1651 3245 1652 3252; x_wconf 6' lang='grc' dir='ltr'>ἵ</span> 
     </span>
     <span class='ocr_line' id='line_1_28' title="bbox 379 3270 1583 3359; baseline -0.002 -21"><span class='ocrx_word' id='word_1_222' title='bbox 379 3272 505 3339; x_wconf 85' lang='lat' dir='ltr'><em>alchun</em></span> <span class='ocrx_word' id='word_1_223' title='bbox 522 3271 711 3359; x_wconf 85' lang='lat' dir='ltr'><em>refrigerio,</em></span> <span class='ocrx_word' id='word_1_224' title='bbox 733 3272 789 3339; x_wconf 87' lang='lat' dir='ltr'><em>del</em></span> <span class='ocrx_word' id='word_1_225' title='bbox 809 3271 910 3357; x_wconf 88' lang='lat' dir='ltr'><em>quale</em></span> <span class='ocrx_word' id='word_1_226' title='bbox 929 3274 1064 3338; x_wconf 83' lang='lat' dir='ltr'><em>haueua</em></span> <span class='ocrx_word' id='word_1_227' title='bbox 1079 3270 1114 3337; x_wconf 90' lang='lat' dir='ltr'><em>di</em></span> <span class='ocrx_word' id='word_1_228' title='bbox 1129 3270 1299 3358; x_wconf 86' lang='lat' dir='ltr'><em>bisogni0,</em></span> <span class='ocrx_word' id='word_1_229' title='bbox 1317 3271 1521 3342; x_wconf 87' lang='lat' dir='ltr'><em>intendendo</em></span> <span class='ocrx_word' id='word_1_230' title='bbox 1537 3289 1583 3336; x_wconf 88' lang='lat' dir='ltr'><em>es·</em></span> 
     </span>
     <span class='ocr_line' id='line_1_29' title="bbox 378 3385 1651 3478; baseline -0.003 -24"><span class='ocrx_word' id='word_1_231' title='bbox 378 3390 446 3455; x_wconf 86' lang='lat' dir='ltr'><em>ser’</em></span> <span class='ocrx_word' id='word_1_232' title='bbox 462 3398 583 3472; x_wconf 89' lang='lat' dir='ltr'><em>questa</em></span> <span class='ocrx_word' id='word_1_233' title='bbox 599 3388 631 3454; x_wconf 85' lang='lat' dir='ltr'><em>la</em></span> <span class='ocrx_word' id='word_1_234' title='bbox 646 3387 784 3452; x_wconf 75' lang='lat' dir='ltr'><em>volenti</em></span> <span class='ocrx_word' id='word_1_235' title='bbox 799 3386 887 3452; x_wconf 89' lang='lat' dir='ltr'><em>della</em></span> <span class='ocrx_word' id='word_1_236' title='bbox 904 3389 943 3452; x_wconf 90' lang='grc' dir='ltr'><em>Ρ.</em></span> <span class='ocrx_word' id='word_1_237' title='bbox 963 3388 1021 3454; x_wconf 91' lang='lat' dir='ltr'><em>V.:</em></span> <span class='ocrx_word' id='word_1_238' title='bbox 1038 3396 1073 3453; x_wconf 88' lang='lat' dir='ltr'><em>et</em></span> <span class='ocrx_word' id='word_1_239' title='bbox 1089 3385 1234 3452; x_wconf 85' lang='lat' dir='ltr'><em>tuttavia</em></span> <span class='ocrx_word' id='word_1_240' title='bbox 1246 3407 1309 3453; x_wconf 90' lang='lat' dir='ltr'><em>son</em></span> <span class='ocrx_word' id='word_1_241' title='bbox 1321 3397 1410 3454; x_wconf 88' lang='lat' dir='ltr'><em>stato</em></span> <span class='ocrx_word' id='word_1_242' title='bbox 1421 3385 1580 3454; x_wconf 85' lang='lat' dir='ltr'><em>continua-</em></span> <span class='ocrx_word' id='word_1_243' title='bbox 1650 3475 1651 3478; x_wconf 8' lang='grc' dir='ltr'><strong>Ἴ</strong></span> 
     </span>
     <span class='ocr_line' id='line_1_30' title="bbox 379 3497 1582 3589; baseline -0.005 -22"><span class='ocrx_word' id='word_1_244' title='bbox 379 3512 494 3569; x_wconf 88' lang='lat' dir='ltr'><em>mente</em></span> <span class='ocrx_word' id='word_1_245' title='bbox 509 3512 687 3587; x_wconf 82' lang='lat' dir='ltr'><em>occupato,</em></span> <span class='ocrx_word' id='word_1_246' title='bbox 706 3523 743 3570; x_wconf 88' lang='lat' dir='ltr'><em>se</em></span> <span class='ocrx_word' id='word_1_247' title='bbox 759 3522 828 3567; x_wconf 93' lang='lat' dir='ltr'><em>non</em></span> <span class='ocrx_word' id='word_1_248' title='bbox 844 3500 948 3586; x_wconf 85' lang='lat' dir='ltr'><em>quelli</em></span> <span class='ocrx_word' id='word_1_249' title='bbox 961 3499 1072 3587; x_wconf 85' lang='lat' dir='ltr'><em>giorni</em></span> <span class='ocrx_word' id='word_1_250' title='bbox 1087 3503 1152 3568; x_wconf 90' lang='lat' dir='ltr'><em>che</em></span> <span class='ocrx_word' id='word_1_251' title='bbox 1171 3511 1259 3569; x_wconf 85' lang='lat' dir='ltr'><em>stete</em></span> <span class='ocrx_word' id='word_1_252' title='bbox 1279 3501 1346 3567; x_wconf 92' lang='lat' dir='ltr'><em>co&#39;l</em></span> <span class='ocrx_word' id='word_1_253' title='bbox 1366 3501 1536 3589; x_wconf 88' lang='lat' dir='ltr'><em>principe¹</em></span> <span class='ocrx_word' id='word_1_254' title='bbox 1554 3497 1582 3562; x_wconf 91' lang='lat' dir='ltr'><em>in</em></span> 
     </span>
     <span class='ocr_line' id='line_1_31' title="bbox 378 3615 1650 3710; baseline -0.004 -26"><span class='ocrx_word' id='word_1_255' title='bbox 378 3618 633 3703; x_wconf 85' lang='lat' dir='ltr'><em>Aschemburg.</em></span> <span class='ocrx_word' id='word_1_256' title='bbox 653 3616 690 3682; x_wconf 90' lang='lat' dir='ltr'><em>ln</em></span> <span class='ocrx_word' id='word_1_257' title='bbox 707 3626 828 3701; x_wconf 85' lang='lat' dir='ltr'><em>questo</em></span> <span class='ocrx_word' id='word_1_258' title='bbox 844 3615 1000 3703; x_wconf 87' lang='lat' dir='ltr'><em>collegio,</em></span> <span class='ocrx_word' id='word_1_259' title='bbox 1019 3617 1106 3684; x_wconf 90' lang='lat' dir='ltr'><em>oltre</em></span> <span class='ocrx_word' id='word_1_260' title='bbox 1121 3616 1185 3683; x_wconf 89' lang='lat' dir='ltr'><em>alle</em></span> <span class='ocrx_word' id='word_1_261' title='bbox 1201 3637 1282 3683; x_wconf 88' lang='lat' dir='ltr'><em>cose</em></span> <span class='ocrx_word' id='word_1_262' title='bbox 1294 3615 1463 3684; x_wconf 88' lang='lat' dir='ltr'><em>ordinarie</em></span> <span class='ocrx_word' id='word_1_263' title='bbox 1472 3617 1513 3683; x_wconf 88' lang='lat' dir='ltr'><em>de</em></span> <span class='ocrx_word' id='word_1_264' title='bbox 1522 3623 1580 3682; x_wconf 88' lang='lat' dir='ltr'><em>tut·</em></span> <span class='ocrx_word' id='word_1_265' title='bbox 1649 3707 1650 3710; x_wconf 8' lang='grc' dir='ltr'><strong>Ἴ</strong></span> 
     </span>
     <span class='ocr_line' id='line_1_32' title="bbox 377 3731 1650 3817; baseline -0.003 -19"><span class='ocrx_word' id='word_1_266' title='bbox 377 3732 416 3813; x_wconf 91' lang='lat' dir='ltr'><em>ti,</em></span> <span class='ocrx_word' id='word_1_267' title='bbox 435 3735 525 3799; x_wconf 85' lang='lat' dir='ltr'><em>com&#39;</em></span> <span class='ocrx_word' id='word_1_268' title='bbox 543 3733 561 3800; x_wconf 81' lang='grc' dir='ltr'>ὲ</span> <span class='ocrx_word' id='word_1_269' title='bbox 577 3731 793 3812; x_wconf 78' lang='lat' dir='ltr'><em>esseminare‚</em></span> <span class='ocrx_word' id='word_1_270' title='bbox 810 3731 916 3798; x_wconf 83' lang='lat' dir='ltr'><em>sentit</em></span> <span class='ocrx_word' id='word_1_271' title='bbox 931 3731 1147 3812; x_wconf 84' lang='lat' dir='ltr'><em>confessioni,</em></span> <span class='ocrx_word' id='word_1_272' title='bbox 1165 3734 1237 3802; x_wconf 86' lang='lat' dir='ltr'><em>iare</em></span> <span class='ocrx_word' id='word_1_273' title='bbox 1252 3731 1489 3815; x_wconf 85' lang='lat' dir='ltr'><em>exhortationi,</em></span> <span class='ocrx_word' id='word_1_274' title='bbox 1510 3742 1579 3804; x_wconf 84' lang='lat' dir='ltr'><em>etc,</em></span> <span class='ocrx_word' id='word_1_275' title='bbox 1649 3731 1650 3817; x_wconf 72' lang='lat' dir='ltr'><em>l</em></span> 
     </span>
     <span class='ocr_line' id='line_1_33' title="bbox 372 3843 1580 3934; baseline -0.005 -20"><span class='ocrx_word' id='word_1_276' title='bbox 372 3868 462 3915; x_wconf 87' lang='lat' dir='ltr'><em>sono</em></span> <span class='ocrx_word' id='word_1_277' title='bbox 478 3859 566 3916; x_wconf 85' lang='lat' dir='ltr'><em>state</em></span> <span class='ocrx_word' id='word_1_278' title='bbox 581 3848 684 3914; x_wconf 80' lang='lat' dir='ltr'><em>molle</em></span> <span class='ocrx_word' id='word_1_279' title='bbox 700 3847 796 3929; x_wconf 85' lang='lat' dir='ltr'><em>altre,</em></span> <span class='ocrx_word' id='word_1_280' title='bbox 810 3847 876 3915; x_wconf 86' lang='lat' dir='ltr'><em>alle</em></span> <span class='ocrx_word' id='word_1_281' title='bbox 890 3844 981 3933; x_wconf 87' lang='lat' dir='ltr'><em>quali</em></span> <span class='ocrx_word' id='word_1_282' title='bbox 997 3845 1292 3934; x_wconf 87' lang='lat' dir='ltr'><em>particolarmente</em></span> <span class='ocrx_word' id='word_1_283' title='bbox 1307 3850 1352 3912; x_wconf 90' lang='lat' dir='ltr'><em>m&#39;</em></span> <span class='ocrx_word' id='word_1_284' title='bbox 1371 3848 1389 3913; x_wconf 83' lang='grc' dir='ltr'>ὲ</span> <span class='ocrx_word' id='word_1_285' title='bbox 1404 3843 1580 3933; x_wconf 84' lang='lat' dir='ltr'><em>bisogniato</em></span> 
     </span>
    </p>
   </div>
   <div class='ocr_carea' id='block_1_8' title="bbox 431 4049 1043 4122">
    <p class='ocr_par' dir='ltr' id='par_1_8' title="bbox 431 4049 1043 4122">
     <span class='ocr_line' id='line_1_34' title="bbox 431 4049 1043 4122; baseline 0 -16"><span class='ocrx_word' id='word_1_286' title='bbox 431 4063 447 4098; x_wconf 70' lang='grc' dir='ltr'>ι</span> <span class='ocrx_word' id='word_1_287' title='bbox 476 4053 540 4108; x_wconf 91' lang='lat' dir='ltr'><em>Hoc</em></span> <span class='ocrx_word' id='word_1_288' title='bbox 553 4053 636 4106; x_wconf 86' lang='lat' dir='ltr'><em>verb.</em></span> <span class='ocrx_word' id='word_1_289' title='bbox 650 4049 762 4106; x_wconf 89' lang='lat' dir='ltr'><em>addidit</em></span> <span class='ocrx_word' id='word_1_290' title='bbox 775 4050 846 4107; x_wconf 88' lang='lat' dir='ltr'><em>libr.</em></span> <span class='ocrx_word' id='word_1_291' title='bbox 862 4067 950 4122; x_wconf 87' lang='lat' dir='ltr'><em>supra</em></span> <span class='ocrx_word' id='word_1_292' title='bbox 962 4067 1043 4106; x_wconf 88' lang='lat' dir='ltr'><em>vers.</em></span> 
     </span>
    </p>
   </div>
   <div class='ocr_carea' id='block_1_9' title="bbox 366 4192 1648 4744">
    <p class='ocr_par' dir='ltr' id='par_1_9' title="bbox 374 4192 1648 4567">
     <span class='ocr_line' id='line_1_35' title="bbox 434 4192 1648 4300; baseline -0.005 -16"><span class='ocrx_word' id='word_1_293' title='bbox 434 4233 441 4264; x_wconf 80' lang='lat'><strong>¹</strong></span> <span class='ocrx_word' id='word_1_294' title='bbox 479 4232 524 4284; x_wconf 86' lang='lat' dir='ltr'><em>Ex</em></span> <span class='ocrx_word' id='word_1_295' title='bbox 537 4231 707 4300; x_wconf 88' lang='lat' dir='ltr'><em>archetypo,</em></span> <span class='ocrx_word' id='word_1_296' title='bbox 721 4245 737 4282; x_wconf 85' lang='lat' dir='ltr'><em>a</em></span> <span class='ocrx_word' id='word_1_297' title='bbox 751 4227 885 4299; x_wconf 87' lang='lat' dir='ltr'><em>Jimenez</em></span> <span class='ocrx_word' id='word_1_298' title='bbox 898 4235 1029 4299; x_wconf 83' lang='lat' dir='ltr'><em>exarato,</em></span> <span class='ocrx_word' id='word_1_299' title='bbox 1042 4236 1073 4283; x_wconf 83' lang='lat' dir='ltr'><em>et</em></span> <span class='ocrx_word' id='word_1_300' title='bbox 1090 4225 1203 4286; x_wconf 86' lang='lat' dir='ltr'><em>Natalis</em></span> <span class='ocrx_word' id='word_1_301' title='bbox 1218 4245 1303 4284; x_wconf 89' lang='lat' dir='ltr'><em>manu</em></span> <span class='ocrx_word' id='word_1_302' title='bbox 1316 4227 1471 4286; x_wconf 82' lang='lat' dir='ltr'><em>emendato</em></span> <span class='ocrx_word' id='word_1_303' title='bbox 1482 4237 1511 4285; x_wconf 85' lang='lat' dir='ltr'><em>et</em></span> <span class='ocrx_word' id='word_1_304' title='bbox 1526 4227 1582 4284; x_wconf 89' lang='lat' dir='ltr'><em>sub·</em></span> <span class='ocrx_word' id='word_1_305' title='bbox 1647 4192 1648 4278; x_wconf 76' lang='lat' dir='ltr'><em>l</em></span> 
     </span>
     <span class='ocr_line' id='line_1_36' title="bbox 375 4315 1582 4391; baseline -0.005 -17"><span class='ocrx_word' id='word_1_306' title='bbox 375 4318 496 4391; x_wconf 89' lang='lat' dir='ltr'><em>scripto,</em></span> <span class='ocrx_word' id='word_1_307' title='bbox 514 4318 544 4374; x_wconf 90' lang='lat' dir='ltr'><em>in</em></span> <span class='ocrx_word' id='word_1_308' title='bbox 563 4319 664 4391; x_wconf 85' lang='lat' dir='ltr'><em>Epist.</em></span> <span class='ocrx_word' id='word_1_309' title='bbox 682 4318 803 4384; x_wconf 68' lang='lat' dir='ltr'><em>Natal„</em></span> <span class='ocrx_word' id='word_1_310' title='bbox 820 4317 859 4385; x_wconf 94' lang='lat'><em>11,</em></span> <span class='ocrx_word' id='word_1_311' title='bbox 872 4316 1054 4388; x_wconf 80' lang='lat' dir='ltr'><em>quadruplici</em></span> <span class='ocrx_word' id='word_1_312' title='bbox 1071 4315 1139 4388; x_wconf 78' lang='lat' dir='ltr'><em>ioh,</em></span> <span class='ocrx_word' id='word_1_313' title='bbox 1158 4330 1207 4387; x_wconf 89' lang='lat'><em>172</em></span> <span class='ocrx_word' id='word_1_314' title='bbox 1223 4321 1378 4387; x_wconf 82' lang='lat'><strong>(524·527).</strong></span> <span class='ocrx_word' id='word_1_315' title='bbox 1399 4320 1446 4374; x_wconf 91' lang='lat' dir='ltr'><em>De</em></span> <span class='ocrx_word' id='word_1_316' title='bbox 1463 4315 1582 4376; x_wconf 84' lang='lat' dir='ltr'><em>rebusin</em></span> 
     </span>
     <span class='ocr_line' id='line_1_37' title="bbox 374 4403 1647 4505; baseline -0.005 -42"><span class='ocrx_word' id='word_1_317' title='bbox 374 4411 431 4463; x_wconf 91' lang='lat' dir='ltr'><em>hac</em></span> <span class='ocrx_word' id='word_1_318' title='bbox 452 4409 576 4480; x_wconf 89' lang='lat' dir='ltr'><em>epistola</em></span> <span class='ocrx_word' id='word_1_319' title='bbox 599 4407 730 4463; x_wconf 87' lang='lat' dir='ltr'><em>tractatis</em></span> <span class='ocrx_word' id='word_1_320' title='bbox 747 4405 789 4463; x_wconf 85' lang='lat' dir='ltr'><em>ci.</em></span> <span class='ocrx_word' id='word_1_321' title='bbox 810 4404 937 4480; x_wconf 80' lang='lat' dir='ltr'><em>append.</em></span> <span class='ocrx_word' id='word_1_322' title='bbox 955 4404 1009 4476; x_wconf 91' lang='lat' dir='ltr'><em>VI,</em></span> <span class='ocrx_word' id='word_1_323' title='bbox 1029 4405 1095 4476; x_wconf 89' lang='lat' dir='ltr'><em>VH,</em></span> <span class='ocrx_word' id='word_1_324' title='bbox 1120 4406 1216 4478; x_wconf 89' lang='lat' dir='ltr'>XVII,</span> <span class='ocrx_word' id='word_1_325' title='bbox 1239 4407 1303 4478; x_wconf 82' lang='lat' dir='ltr'><em>XX,</em></span> <span class='ocrx_word' id='word_1_326' title='bbox 1327 4409 1465 4482; x_wconf 84' lang='lat' dir='ltr'>XXVIII,</span> <span class='ocrx_word' id='word_1_327' title='bbox 1486 4403 1580 4470; x_wconf 85' lang='lat' dir='ltr'>XXXI,</span> <span class='ocrx_word' id='word_1_328' title='bbox 1646 4431 1647 4505; x_wconf 47' lang='lat' dir='ltr'><em>p</em></span> 
     </span>
     <span class='ocr_line' id='line_1_38' title="bbox 375 4495 819 4567; baseline 0.002 -16"><span class='ocrx_word' id='word_1_329' title='bbox 375 4496 512 4567; x_wconf 88' lang='lat' dir='ltr'>XXXVI,</span> <span class='ocrx_word' id='word_1_330' title='bbox 525 4497 666 4551; x_wconf 90' lang='lat' dir='ltr'>XXXVII</span> <span class='ocrx_word' id='word_1_331' title='bbox 679 4505 709 4550; x_wconf 90' lang='lat' dir='ltr'><em>et</em></span> <span class='ocrx_word' id='word_1_332' title='bbox 722 4495 819 4552; x_wconf 91' lang='lat' dir='ltr'>XLII.</span> 
     </span>
    </p>

    <p class='ocr_par' dir='ltr' id='par_1_10' title="bbox 366 4581 1646 4744">
     <span class='ocr_line' id='line_1_39' title="bbox 427 4581 1646 4735; baseline -0.004 -95"><span class='ocrx_word' id='word_1_333' title='bbox 427 4589 438 4620; x_wconf 80' lang='lat'>²</span> <span class='ocrx_word' id='word_1_334' title='bbox 475 4585 509 4640; x_wconf 91' lang='lat' dir='ltr'><em>Id</em></span> <span class='ocrx_word' id='word_1_335' title='bbox 531 4593 587 4653; x_wconf 88' lang='lat' dir='ltr'><em>est,</em></span> <span class='ocrx_word' id='word_1_336' title='bbox 613 4587 723 4640; x_wconf 88' lang='lat' dir='ltr'><em>elector</em></span> <span class='ocrx_word' id='word_1_337' title='bbox 747 4593 777 4640; x_wconf 87' lang='lat' dir='ltr'><em>et</em></span> <span class='ocrx_word' id='word_1_338' title='bbox 802 4583 1039 4657; x_wconf 83' lang='lat' dir='ltr'><em>archiepiscopus</em></span> <span class='ocrx_word' id='word_1_339' title='bbox 1065 4584 1253 4655; x_wconf 80' lang='lat' dir='ltr'><em>moguntinus</em></span> <span class='ocrx_word' id='word_1_340' title='bbox 1279 4584 1383 4641; x_wconf 83' lang='lat' dir='ltr'><em>Daniel</em></span> <span class='ocrx_word' id='word_1_341' title='bbox 1409 4583 1527 4641; x_wconf 86' lang='lat' dir='ltr'><em>Brendel</em></span> <span class='ocrx_word' id='word_1_342' title='bbox 1547 4581 1579 4636; x_wconf 81' lang='lat' dir='ltr'><em>ab</em></span> <span class='ocrx_word' id='word_1_343' title='bbox 1645 4657 1646 4735; x_wconf 33' lang='grc'>1</span> 
     </span>
     <span class='ocr_line' id='line_1_40' title="bbox 366 4673 544 4744; baseline 0.034 -21"><span class='ocrx_word' id='word_1_344' title='bbox 366 4673 544 4744; x_wconf 78' lang='lat' dir='ltr'><em>¹Hosnburg.</em></span> 
     </span>
    </p>
   </div>
   <div class='ocr_carea' id='block_1_10' title="bbox 0 0 1666 5370">
    <p class='ocr_par' dir='ltr' id='par_1_11' title="bbox 0 0 1666 5370">
     <span class='ocr_line' id='line_1_41' title="bbox 0 0 1666 5370; baseline 0 4"><span class='ocrx_word' id='word_1_345' title='bbox 0 0 1666 5370; x_wconf 95' lang='lat' dir='ltr'><em> </em></span> 
     </span>
    </p>
   </div>
  </div>
 </body>
</html>
