3322 5376
524 513 529 524 -
591 477 624 533 13
642 479 725 550 Jorn
746 479 814 550 1567
1220 481 1275 554 493

92 631 170 699 Mro.
187 630 288 700 Retio
302 634 311 668 ¹
328 631 489 699 scriuano
505 632 551 718 (et
567 635 595 698 s'
613 631 726 699 aleun'
741 633 826 700 altro
842 635 960 722 parerd
976 657 996 702 a
1012 637 1098 704 Mro.
1117 635 1308 722 Leonardo)

91 745 111 810 il
124 767 216 832 parer
231 749 306 814 loro
320 748 387 814 3113
408 751 448 815 Ρ.
468 749 511 816 V.
527 747 554 813 Il
569 746 754 815 medesimo
770 750 815 816 ho
830 749 925 817 detto
940 747 998 836 gia
1014 751 1045 816 al
1063 752 1102 817 Ρ.
1122 751 1265 819 Costero
1278 752 1305 834 ¹,

91 861 148 928 che
160 862 181 928 ὁ
195 861 342 948 prattico
356 863 392 929 di
406 862 451 930 ld.
469 863 504 929 A
519 884 660 931 menon
676 866 722 928 m’
740 883 881 933 oceorre
897 864 982 931 altra
997 885 1091 946 cosa,
1108 887 1144 932 se
1160 887 1229 932 non
1241 867 1306 932 che

92 974 117 1039 si
130 977 289 1044 mandino
304 977 411 1063 quelli
425 976 523 1044 breui
535 979 561 1060 ⁸,
576 987 659 1047 etse
672 1000 784 1048 venne
798 978 823 1044 il
838 1001 874 1047 re
889 979 1068 1062 catholico,
1087 1003 1107 1047 a
1123 980 1178 1046 chi
1194 982 1306 1066 quella

90 1090 150 1157 oitd
164 1093 208 1158 ha
224 1114 310 1180 gran
332 1091 475 1179 rispetto
494 1113 555 1179 per
577 1102 679 1159 conto
699 1093 788 1161 della
809 1093 948 1161 vicinitd
967 1094 1001 1161 di
1022 1095 1203 1178 Gheldria,
1220 1104 1303 1177 etc„

89 1207 146 1273 che
170 1207 201 1273 si
228 1208 411 1295 procurino
438 1209 557 1276 lettere
583 1208 680 1276 ealda
705 1208 742 1275 in
768 1210 1095 1292 raccomandatione,
1121 1220 1157 1276 et
1183 1212 1247 1278 che
1274 1212 1304 1278 s’

87 1323 203 1406 aspetti
216 1343 263 1388 vn
278 1321 500 1391 arciuescouo
513 1322 711 1390 fauorabile.
727 1325 770 1390 Et
783 1334 931 1392 tratanto
947 1325 1115 1412 guardino
1132 1325 1180 1412 gli
1196 1326 1304 1393 nostri

85 1433 116 1498 di
136 1457 203 1502 non
229 1439 299 1506 fare
326 1449 447 1504 contra
472 1435 495 1502 11
524 1436 693 1518 instituto,
712 1437 957 1507 dissimulando
981 1462 1045 1508 con
1066 1442 1098 1508 13
1118 1439 1307 1510 dniuersita

86 1562 207 1632 quanto
224 1563 431 1640 puotranno;
450 1553 577 1640 perche
592 1551 626 1618 io
642 1574 711 1620 non
726 1573 835 1640 penso
851 1557 915 1622 che
931 1566 1161 1641 apertamente
1171 1557 1306 1642 possint

88 1666 130 1729 vti
144 1666 295 1734 instituto
311 1669 349 1734 in
374 1667 515 1735 Colonia
531 1688 597 1734 con
618 1667 651 1736 13
671 1667 869 1756 vniuersitd,
888 1691 927 1737 se
947 1692 1016 1737 non
1039 1671 1142 1740 facesi
1163 1671 1208 1738 da
1222 1692 1306 1740 vero

90 1779 175 1848 iorza
189 1781 224 1848 in
240 1793 361 1867 questo
377 1783 450 1851 Sua
464 1781 609 1862 Santitai,
628 1782 652 1847 il
672 1783 737 1851 che
752 1782 879 1870 meglio
895 1783 924 1850 si
939 1787 1128 1870 puotrebbe
1143 1787 1308 1854 effettua·

92 1905 149 1963 re·
164 1897 337 1985 piinando
352 1899 421 1966 tale
436 1907 612 1986 assumpto
628 1921 673 1966 vn
688 1919 838 1967 vescouo
858 1901 1066 1970 fauoreuole.
1086 1901 1190 1970 Siano
1204 1922 1265 1988 per
1280 1902 1304 1966 1’

93 2031 179 2077 amor
194 2013 236 2081 de
250 2012 317 2080 Dio
333 2013 357 2078 li
373 2012 471 2101 grani
486 2012 673 2082 benedetti:
692 2035 777 2081 sono
792 2015 898 2081 buoni
914 2025 948 2083 et
970 2015 1183 2096 buonissimi,
1199 2036 1305 2084 anco·

92 2125 294 2195 ramesiam
311 2126 422 2215 pochi.
441 2127 508 2197 Del
523 2128 649 2197 vestire
664 2129 743 2196 delli
759 2129 866 2197 nostri
886 2152 947 2217 per
966 2130 1168 2213 Germania,
1186 2131 1306 2198 sardia

94 2237 258 2328 diligentia
273 2247 338 2312 che
355 2245 399 2311 V.
419 2244 459 2312 P.
478 2242 525 2309 mi
540 2242 652 2311 scriue
667 2265 675 2327 ;
693 2255 728 2313 et
751 2244 809 2332 gia
824 2245 848 2311 l'
872 2248 918 2312 ho
934 2249 1018 2313 satta
1034 2246 1069 2312 in
1086 2255 1207 2331 questa
1222 2265 1304 2333 pro-

94 2354 198 2424 uincia
212 2379 270 2444 per
285 2380 404 2426 mezzo
420 2359 475 2426 del
492 2360 533 2425 Ρ.
557 2359 718 2427 Costero.

153 2488 184 2556 5.
229 2475 370 2558 Quanto
384 2497 405 2542 a
421 2475 535 2559 quello
558 2473 594 2540 di
614 2474 714 2562 Spira
733 2485 768 2542 et
789 2475 979 2563 Herbipoli,
998 2486 1050 2543 sta
1070 2477 1177 2543 molto
1200 2478 1301 2544 bene.

94 2584 137 2666 10,
152 2607 242 2656 come
257 2592 301 2656 ho
317 2588 438 2656 scritto
454 2611 475 2656 a
490 2591 578 2657 Mro.
598 2589 749 2657 Antonio
762 2591 787 2672 ⁸,
802 2601 837 2658 et
852 2591 899 2657 lui
915 2613 935 2658 a
951 2613 1017 2672 me,
1033 2612 1132 2678 spero
1149 2602 1184 2660 et
1201 2592 1305 2660 credo

96 2701 153 2768 che
166 2703 243 2790 ogni
258 2725 339 2771 cosa
350 2703 379 2770 si
391 2703 534 2790 guidard
546 2727 567 2770 a
579 2703 737 2790 maggior
747 2704 922 2792 seruiggio
934 2707 989 2774 del
1002 2707 1161 2793 Signore.
1177 2706 1225 2775 So
1241 2708 1305 2773 che

96 2811 116 2879 il
131 2819 168 2886 P.
184 2819 332 2887 Antonio
348 2828 384 2887 et
399 2821 486 2887 Mro.
506 2818 645 2887 Canisio
661 2841 698 2886 se
708 2819 724 2862 b
734 2821 914 2889 haueuano
936 2843 956 2888 a
975 2821 1142 2890 ritrouare
1161 2820 1304 2891 insieme

97 2927 308 3020 inHerbipoli
323 2943 338 2977 e
352 2933 375 2999 ss
391 2932 513 3021 giorno
529 2933 564 3000 di
579 2944 678 3002 santo
689 2932 848 3016 Gioanni,
866 2945 901 3002 et
922 2939 1008 3004 Mro.
1027 2936 1180 3004 Antonio
1195 2939 1241 3004 m’
1258 2939 1306 3004 ha

96 3046 199 3114 serino
210 3051 273 3118 che
285 3051 384 3117 verra
395 3069 415 3116 a
428 3048 590 3117 trouarmi
603 3069 681 3134 qua,
697 3050 762 3117 alla
777 3052 885 3133 fonte,
900 3051 1016 3118 auanti
1028 3054 1085 3119 eh'
1098 3051 1132 3120 io
1149 3053 1195 3121 mi
1206 3063 1303 3139 parta

108 3161 226 3246 quidid.
241 3165 343 3231 Altro
353 3185 425 3231 non
440 3185 480 3230 so
495 3163 529 3230 di
541 3163 622 3251 quel
637 3163 782 3252 negocio
795 3175 820 3230 ².
835 3163 902 3232 Gid
913 3167 1041 3234 hauera
1054 3166 1143 3234 visto
1154 3168 1187 3235 la
1200 3169 1240 3235 Ρ.
1255 3169 1301 3235 V.

95 3296 179 3347 oome
192 3278 368 3366 HerbipoIi
383 3282 413 3346 s'
430 3281 450 3347 d
467 3279 552 3348 satta
567 3279 655 3347 della
672 3278 848 3365 prouincia
864 3281 920 3348 del
936 3282 1067 3350 Rheno:
1088 3293 1122 3350 et
1138 3282 1254 3350 riceuo
1270 3283 1305 3349 13

95 3394 208 3463 chariti
221 3398 286 3462 che
299 3395 334 3461 13
349 3397 390 3462 Ρ.
407 3397 450 3463 V.
469 3393 516 3460 mi
531 3394 644 3462 scriue
658 3393 669 3438 f
682 3393 717 3460 di
732 3415 794 3463 sua
809 3417 922 3477 mano,
937 3401 1040 3464 esser'
1056 3397 1114 3486 gia
1128 3398 1303 3485 assegnati

96 3508 216 3579 alchuni
233 3533 296 3598 per
310 3509 515 3578 darsusidio
531 3534 551 3579 a
567 3511 646 3595 quel
665 3509 823 3598 collegio.
842 3511 971 3579 Riceuo
986 3533 1110 3580 ancora
1125 3515 1158 3579 la
1172 3513 1303 3580 charita

97 3626 151 3694 che
166 3625 242 3696 1313
258 3629 299 3694 Ρ.
319 3627 358 3694 V.
377 3625 410 3692 31
426 3628 466 3692 P.
487 3605 665 3694 oliuerioss
681 3626 786 3713 peria
800 3647 862 3694 sua
877 3626 1064 3713 prouincia,
1079 3639 1114 3697 et
1125 3650 1162 3696 sa
1173 3627 1203 3694 si
1214 3649 1302 3715 puo-

98 3749 160 3809 tere
172 3743 331 3809 mandare
346 3763 393 3806 vn
408 3751 535 3808 rettore
550 3763 611 3827 per
626 3740 779 3809 Mouriac
792 3751 810 3794 ¹
823 3793 831 3826 ,
849 3741 938 3809 saria
951 3763 1036 3828 gran
1059 3764 1150 3824 cosa,
1169 3763 1267 3809 como
1282 3743 1305 3809 ὲ

99 3855 199 3925 talela
213 3855 393 3926 necessita.

138 4025 153 4059 ⁸
177 4016 316 4089 Sequitur
327 4015 420 4071 etiam
430 4013 684 4070 obliteratum-b
694 4027 711 4068 2
721 4016 812 4071 verba
821 4033 903 4089 seqq.
915 4033 1002 4088 supra
1013 4034 1090 4072 vers.
1105 4016 1224 4090 scripsit
1234 4017 1301 4073 libr.

95 4101 179 4159 deleto
192 4120 249 4160 uno
261 4104 416 4159 verbo-c
430 4115 446 4173 5
460 4103 551 4158 verba
563 4119 646 4176 seqq.
662 4101 692 4157 in
705 4119 796 4174 marg.
815 4102 930 4159 addidit
947 4105 1070 4160 libr-<1
1084 4105 1224 4178 Sequitur
1243 4103 1306 4161 Gia

93 4191 194 4249 tamt
205 4193 394 4249 obliteratum
407 4209 424 4248 a
437 4193 557 4249 liba-e
570 4190 635 4246 Hoc
648 4191 731 4247 verb.
745 4208 832 4264 supra
846 4209 923 4249 vers.
938 4192 1052 4249 addidit
1065 4193 1182 4250 libr-t
1197 4195 1304 4250 Emen-

94 4277 179 4336 datum
190 4299 207 4337 a
218 4283 287 4339 libr.
301 4297 339 4336 ex
351 4282 494 4337 scriueua
506 4279 608 4352 (?).-r
617 4279 678 4348 Sic,
693 4295 745 4352 pro
757 4281 910 4338 Maurice.

140 4415 146 4447 ¹
179 4419 309 4491 Joannea
320 4415 457 4486 Rhetius,
469 4432 576 4487 regens
590 4415 723 4489 ejusdem
735 4415 863 4488 collegii.

137 4509 148 4542 ²
180 4505 352 4563 Franciscus
364 4505 517 4575 coeterae,
531 4505 718 4578 provincialis
731 4504 908 4562 Germaniae
920 4505 1081 4563 inferioris.

138 4595 149 4627 ³
180 4595 255 4653 Vide
268 4594 356 4668 epist.
371 4605 436 4664 474,
450 4610 479 4649 n.
494 4605 520 4664 5.
664 4596 676 4629 ⁴
713 4593 820 4664 Vinck,
832 4595 1000 4667 provinciae
1014 4594 1109 4652 Rheni
1122 4593 1301 4652 moderator.

139 4685 151 4719 ¹
182 4684 348 4755 11333033,
360 4669 547 4756 provincialis
559 4681 711 4739 Franciae.
