3318 5376
517 461 550 504 12
568 451 755 508 Drcsunms
776 450 844 520 1566
1204 453 1256 525 343

95 599 230 688 giudicio
244 599 324 667 della
339 601 379 666 Ρ.
399 601 439 668 V.
458 622 496 670 se
511 599 535 666 li
549 601 645 687 piace
666 623 687 668 0
702 623 783 684 000;
803 612 836 671 et
853 609 966 669 tamen
986 602 1020 670 io
1035 607 1081 688 ho
1101 604 1219 672 scritto
1235 605 1292 692 gia

95 715 188 782 ilmio
202 737 322 800 parere.
352 715 478 800 Quello
493 715 537 784 de
552 715 730 802 Herbipoli
745 716 792 783 mi
811 717 855 784 del
874 718 1021 784 alchuna
1041 717 1213 800 difficolta,
1231 741 1291 806 per

97 853 153 897 non
163 829 302 916 puotersi
318 830 460 899 fundare
476 830 689 918 pienamente
704 832 736 897 al
751 831 926 918 principi03
942 854 1008 914 ma,
1023 853 1119 902 come
1134 836 1180 900 ho
1195 835 1291 903 detto

96 967 144 1030 per
155 946 177 1011 l'
192 946 282 1025 altra,
304 967 372 1012 000
392 966 500 1031 penso
516 950 619 1014 esser’
640 946 800 1032 possibile
816 947 895 1015 farsi
911 949 946 1014 d'
964 950 1050 1016 altro
1066 949 1179 1030 modo,
1198 956 1230 1016 et
1253 952 1291 1016 in

97 1082 210 1127 omnem
225 1067 376 1127 otrentum
392 1072 484 1130 resta
498 1083 545 1128 vn
560 1063 739 1150 collegieto
759 1063 962 1145 sufficiente,
979 1063 1080 1132 etiam
1103 1066 1252 1132 secondo
1268 1066 1291 1131 il

95 1176 213 1244 decreto
235 1185 261 1256 ⁸,
279 1176 334 1262 [et]
352 1177 385 1242 la
400 1176 624 1264 applicatione
636 1177 692 1245 del
708 1178 923 1261 monasteri03
938 1188 973 1246 et
988 1179 1053 1246 alla
1065 1180 1234 1249 necessita
1246 1181 1291 1249 de

94 1289 202 1376 segeni
212 1312 306 1377 spero
317 1291 344 1357 il
354 1291 502 1378 Signore
517 1291 659 1360 aiutarai.
674 1294 718 1359 Et
729 1297 843 1358 tamen
855 1314 922 1360 con
935 1304 1024 1361 tutto
1036 1294 1101 1375 cio,
1115 1293 1150 1362 io
1162 1296 1290 1363 uedero

95 1406 129 1472 le
140 1403 340 1492 risguardare
360 1405 639 1494 diligentemente
654 1407 767 1492 quello
783 1410 848 1501 che
863 1408 895 1474 la
911 1410 951 1475 Ρ.
974 1410 1018 1477 V.
1038 1408 1084 1476 mi
1106 1409 1237 1491 ordina,
1256 1421 1292 1478 et

94 1520 177 1584 simul
188 1542 255 1586 non
272 1523 346 1588 faro
366 1520 491 1589 nisuna
506 1521 725 1609 obligatione,
748 1544 856 1590 senon
871 1525 1055 1610 procurari)
1076 1527 1141 1592 che
1164 1525 1289 1592 funda-

97 1632 144 1699 1011
152 1634 273 1702 saccino
283 1636 316 1701 la
325 1657 390 1703 sua
400 1635 611 1717 fundatione,
625 1647 661 1704 et
672 1636 843 1704 rimettino
855 1638 889 1705 13
899 1637 1157 1707 confirmatione
1168 1638 1287 1720 libera,

95 1749 167 1814 odel
176 1759 262 1816 tutto
275 1772 297 1816 0
312 1752 357 1819 de
372 1760 480 1836 parte,
498 1751 564 1817 3113
580 1753 622 1818 Ρ.
641 1753 684 1819 V.

147 1884 174 1947 3.
218 1868 280 1933 Per
295 1864 475 1932 occasione
490 1865 525 1931 di
546 1866 659 1950 quello
674 1868 738 1934 che
754 1864 864 1933 scriue
881 1866 915 1931 13
931 1869 970 1934 Ρ.
991 1868 1035 1934 V.
1053 1870 1117 1934 che
1132 1866 1189 1933 doi
1210 1867 1289 1934 delli

97 1978 191 2064 nonitij
213 1979 361 2048 mandati
379 1979 409 2060 θ,
427 1979 669 2066 specialmente
683 2001 764 2060 vno,
782 1989 880 2046 staua
896 1980 962 2046 mal
989 1979 1152 2068 disposto,
1178 1981 1224 2047 mi
1244 1983 1290 2048 ha

98 2114 211 2161 oocorso
236 2104 469 2183 representare
494 2095 560 2162 alla
587 2097 628 2162 P.
646 2096 705 2176 V.,
735 2095 799 2162 che
821 2116 859 2163 se
884 2078 1022 2162 alchuni
1049 2095 1226 2163 thedcschi
1253 2095 1289 2164 in

98 2207 225 2290 1101030
250 2209 327 2277 31111
354 2209 612 2294 settentn'onali,
636 2209 898 2278 incomincinoa
925 2213 1008 2277 star'
1033 2210 1286 2296 ualetudinarij,

97 2324 162 2390 san'a
174 2325 283 2394 buono
299 2325 511 2406 rimandarli,
523 2327 648 2413 perche
674 2326 798 2411 egran
825 2327 957 2413 perdita
984 2327 1118 2412 perder'
1141 2347 1189 2392 un
1212 2329 1287 2394 the-

97 2438 185 2519 desoo,
199 2451 262 2508 etc.
281 2443 326 2508 Et
341 2452 465 2526 questo
482 2451 611 2527 quanto
626 2463 646 2506 a
661 2441 694 2507 13
710 2441 833 2509 1311313
849 2442 892 2509 de
908 2462 941 2528 9.

145 2573 172 2638 4.
212 2557 390 2642 Giongero
406 2555 442 2624 in
468 2567 602 2642 questa,
628 2558 752 2638 Padre,
781 2557 926 2624 alchune
953 2577 1033 2624 cose
1059 2560 1124 2626 che
1138 2557 1186 2623 mi
1202 2579 1287 2624 sono

97 2688 216 2753 occorse,
228 2672 260 2738 le
271 2670 364 2758 quali
375 2672 602 2739 raccomando
617 2672 722 2738 molto
738 2671 803 2737 alla
819 2673 859 2738 Ρ.
879 2673 923 2738 V.
939 2671 1064 2756 Quello
1078 2670 1153 2738 diro
1164 2672 1284 2758 prima,
1353 2657 1356 2662 ¹

99 2786 144 2851 che
156 2785 205 2872 girl
218 2791 261 2856 ho
276 2787 397 2855 scritto
411 2787 496 2854 altre
511 2787 616 2855 uolte:
635 2809 673 2854 se
688 2809 707 2852 a
724 2787 761 2855 S.
780 2787 851 2855 Sta.
871 2785 1017 2872 piacese,
1035 2788 1214 2855 conceder’
1233 2787 1288 2853 di-

98 2901 281 2981 spensatione
297 2925 358 2990 per
373 2905 491 2970 hauer’
510 2901 668 2989 pluralita
687 2900 730 2968 de
750 2899 940 2967 canonicali
961 2910 996 2967 et
1012 2900 1112 2968 simili
1132 2901 1284 2987 benefitij

99 3015 124 3077 in
135 3018 262 3085 ecclesiis
277 3018 538 3085 corrodentem.
555 3019 598 3084 Et
613 3018 647 3084 la
662 3037 765 3084 causa
779 3015 869 3083 della
880 3015 1135 3103 dispensatione
1149 3015 1287 3104 puotria

97 3133 187 3213 esser',
197 3136 310 3218 primo
326 3135 359 3200 la
374 3132 622 3201 consuetudine
637 3131 778 3216 antiqua
792 3130 827 3197 di
842 3130 1041 3199 Germania.
1063 3132 1198 3198 Deinde
1219 3134 1284 3198 che

96 3241 116 3306 si
127 3249 260 3315 catholici
275 3271 346 3315 non
358 3269 443 3315 sono
458 3245 603 3335 promoti
619 3269 639 3313 a
654 3247 767 3332 questi
781 3244 973 3313 canonicali
989 3267 1054 3313 con
1074 3245 1284 3333 obligatione

98 3356 264 3447 diresider’,
282 3363 388 3432 credo
407 3382 429 3446 4
445 3362 529 3429 mesi
550 3363 606 3430 nel
627 3382 696 3428 uno
723 3373 757 3428 et
778 3380 800 3444 4
826 3361 907 3428 nell'
935 3361 1033 3442 altre,
1061 3381 1163 3427 senza
1179 3359 1284 3428 dubio

97 3471 212 3544 alchuno
236 3479 258 3545 li
279 3476 471 3565 canonicati
497 3497 619 3544 sarano
640 3475 795 3563 occupati
815 3475 859 3541 da
879 3475 1031 3555 heretici,
1055 3497 1076 3542 0
1096 3475 1120 3540 11
1139 3475 1284 3562 principi

99 3585 206 3656 heretici
216 3607 428 3680 occuparano
443 3593 476 3660 le
490 3591 622 3664 tendite
633 3592 676 3657 de
692 3590 859 3658 canonici.
878 3591 918 3657 C’
933 3591 953 3656 ὲ
966 3594 1023 3657 un’
1042 3591 1126 3656 altra
1142 3589 1284 3676 ragione

99 3717 223 3776 comune:
240 3711 303 3778 che
318 3708 355 3774 in
371 3717 492 3794 questo
507 3717 621 3794 tempo
636 3727 705 3772 non
720 3705 811 3772 debet
822 3706 919 3793 exigi
934 3705 1094 3771 ultimum
1110 3707 1166 3770 ius
1181 3705 1283 3772 eccle-

100 3817 239 3889 sbsticum
253 3848 275 3891 a
295 3825 498 3904 Germania,
513 3822 572 3889 sed
581 3823 697 3908 potius
713 3823 795 3888 lacto
810 3821 926 3888 alendi
940 3820 1111 3902 videntur,
1127 3829 1195 3888 ete.

132 3947 155 4013 5·
194 3939 228 4005 C'
245 3941 338 4006 evn'
355 3940 441 4007 altra
456 3959 535 4006 cosa
550 3941 615 4004 che
630 3939 676 4005 m’
694 3939 825 4025 eparsa
840 3955 938 4017 ame,
952 3946 988 4003 et
999 3935 1100 4004 etiam
1113 3935 1145 4000 al
1158 3939 1198 4004 Ρ.
1214 3935 1302 4002 Cassv·

100 4042 172 4128 11110,
186 4052 217 4118 di
230 4073 360 4122 summa
374 4054 583 4141 importanza
598 4062 633 4122 31
648 4053 874 4138 efficaciaper
888 4051 1012 4118 aiutar'
1030 4049 1227 4130 Germania,
1247 4047 1303 4118 etr'v

100 4156 114 4220 ὲ
130 4163 179 4232 che
195 4170 471 4239 ordinariamente
486 4169 510 4236 li
524 4167 663 4237 vescoui
689 4178 788 4236 stano
814 4166 849 4234 in
876 4177 1027 4236 extrema
1053 4165 1222 4234 necessita
1237 4165 1287 4234 de·

99 4281 215 4364 parochi,
230 4295 261 4351 et
271 4308 342 4354 non
359 4294 502 4352 trouano
518 4307 556 4353 se
571 4305 651 4365 non,
665 4305 686 4351 0
701 4303 847 4370 persone
859 4291 1011 4368 suspette
1022 4287 1278 4359 comunmente,
1302 4377 1305 4384 Ι

102 4406 243 4474 opersone
257 4405 319 4469 che
334 4399 497 4488 vogliono
512 4401 617 4468 esser'
634 4397 792 4481 maritali,
810 4419 832 4464 0
842 4399 971 4466 hauere
986 4397 1019 4464 la
1034 4393 1238 4473 concubina,
1260 4414 1283 4459 0

102 4497 269 4528 ’κε-

140 4559 153 4592 '
174 4562 276 4623 §verba
288 4578 375 4636 seqq.
391 4561 422 4618 in
435 4577 529 4632 marg.
546 4557 661 4616 Natalis
674 4575 762 4614 manu
780 4556 879 4614 addita
896 4556 1035 4613 sune-b
1045 4555 1109 4611 Hoc
1122 4555 1210 4610 verb.
1233 4570 1280 4609 su·

104 4647 141 4701 W
150 4655 215 4702 le1¹·
228 4649 334 4708 addidit
345 4651 415 4708 libr.
