3318 5376
365 425 417 496 278
754 431 859 488 Erusr.
879 427 913 484 P.
933 426 1133 496 Nauis-441

325 579 428 664 quale
443 579 635 647 aiutandosi
651 583 749 666 potrir
764 601 857 649 esser
874 579 1062 646 rimandato
1079 578 1114 644 in
1134 577 1329 657 Germania,
1347 577 1494 664 perch&
1512 597 1574 663 po·

327 693 391 761 tria
407 716 500 764 esser
517 695 577 762 vtil
593 695 628 762 in
644 696 754 763 aiutar
770 698 803 766 le
818 696 947 765 scuole.
966 696 992 762 Il
1008 694 1135 781 Signor
1154 693 1203 761 sia
1223 715 1287 760 con
1303 693 1370 760 noi.
1400 693 1491 759 Ora
1505 701 1582 778 pro

327 809 432 891 nobis,
446 809 567 877 Pot'er.
584 811 629 878 Di
646 813 823 898 inspruch,
843 829 886 878 20
901 811 945 879 de
961 811 1109 878 Ottobre
1129 810 1224 892 1566.
1243 810 1352 878 Seruo
1366 809 1408 875 in
1434 811 1524 889 X.⁰,

1100 933 1320 1111 †Nm†ns.
1348 934 1370 1023 i

392 1157 575 1243 Inscriptio
587 1180 609 1222 a
625 1163 734 1246 tergo,
752 1159 893 1224 Natalis
902 1179 1024 1223 manu:
1039 1156 1062 1245 †
1079 1159 1112 1224 A
1128 1167 1247 1224 nostro
1269 1157 1391 1224 Padre.

900 1326 979 1389 ΜΙ

1644 1041 1645 1098 i

1644 1109 1645 1174 i

658 1437 698 1501 P.
728 1433 1037 1502 HIERONYMUS
1061 1433 1225 1499 NADAL

585 1546 768 1606 SANCTO
787 1545 1049 1605 FRANCISCO
1068 1547 1128 1601 DE
1146 1545 1290 1618 BORJA

670 1644 868 1712 Ossrsours,
884 1658 916 1701 21
930 1658 1087 1702 occosms
1102 1644 1171 1714 1566
1185 1649 1205 1700 ¹.

324 1741 490 1816 Catulogus
505 1744 627 1817 collegii
640 1746 804 1817 pragensis
818 1745 946 1800 Romam
962 1745 1113 1798 mittitur:
1131 1746 1166 1798 dc
1177 1742 1300 1814 Joanne
1317 1742 1562 1797 vindobonensi.

388 1849 532 1939 †Moito
549 1853 635 1918 Rdo.
656 1853 690 1918 in
707 1855 794 1938 Xpo.
813 1852 924 1920 Padre
945 1862 1073 1919 nostro.
1098 1855 1170 1919 Pax
1191 1850 1271 1937 Xpi.
1294 1863 1360 1918 etc.
1379 1851 1566 1934 Questae

323 1967 406 2032 satta
422 1965 523 2052 dopoi
539 1965 574 2031 di
590 1967 714 2051 partite
730 1968 762 2035 le
773 1969 859 2035 altre
875 1967 1007 2048 lettere,
1025 1987 1085 2053 per
1100 1965 1262 2034 mandare
1283 1987 1351 2032 una
1366 1965 1450 2032 lista
1466 1965 1559 2032 delie

322 2101 466 2166 persone
482 2080 516 2146 di
535 2085 646 2167 Praga
669 2083 681 2114 ³
702 2085 767 2149 che
790 2084 926 2149 haueuo
946 2081 1190 2161 domenticato,
1215 2091 1249 2147 et
1270 2083 1380 2149 anche
1399 2103 1467 2168 per
1484 2079 1561 2144 dire

322 2195 410 2262 della
426 2195 586 2262 missione
602 2197 658 2264 del
674 2197 805 2264 fratello
822 2196 995 2264 Giouanni
1012 2195 1200 2276 viennensi,
1219 2195 1242 2260 il
1254 2196 1354 2282 quale
1364 2197 1561 2262 habbiamo

322 2310 559 2393 determinato,
578 2333 675 2380 come
690 2313 815 2380 vederi
827 2312 859 2378 la
877 2315 915 2379 P.
936 2314 995 2394 V,
1014 2315 1078 2379 che
1094 2332 1209 2398 uenga
1224 2333 1244 2378 a
1260 2313 1368 2378 Roma
1383 2335 1403 2379 a
1420 2313 1457 2378 la
1475 2331 1557 2396 pro-

324 2424 473 2506 batione,
493 2428 661 2512 passando
677 2449 737 2513 per
757 2430 908 2496 Lorett0.
927 2429 981 2494 Ne
1002 2429 1087 2494 altro
1104 2448 1226 2495 occore
1242 2427 1314 2494 dire
1329 2427 1364 2493 di
1380 2427 1452 2513 piri.
1480 2426 1556 2494 Ora

318 2543 503 2626 pronois,
521 2544 642 2608 Pater.
662 2546 707 2610 o’
725 2545 878 2630 uptun,
897 2543 953 2609 ani
971 2561 1009 2610 21
1028 2545 1063 2609 (ι’
1087 2527 1233 2611 osone
1257 2544 1351 2626 1566.
1375 2546 1419 2610 o.
1448 2544 1493 2609 v.
1514 2543 1552 2607 Ρ.

323 2677 425 2723 seruo
442 2657 477 2723 in
494 2657 571 2738 X.⁰,

1128 2783 1316 2960 iNMjsAL·
1347 2783 1369 2868 †

388 3002 574 3087 Inscriptio
590 3005 628 3069 iri
644 3011 769 3090 quarto
780 3007 934 3093 pagina:
945 3009 1045 3094 Jhus.
1065 3007 1110 3073 Al
1131 3007 1235 3072 molto
1248 3007 1330 3072 Rdo.
1345 3015 1465 3071 nostro
1483 3007 1550 3071 Pa-

321 3117 381 3184 dre
394 3117 428 3183 in
441 3120 526 3203 Xpo.
542 3119 565 3184 il
578 3122 617 3186 P.
634 3123 826 3190 Francesco
838 3121 976 3208 Borgia,
986 3121 1158 3209 preposito
1171 3121 1330 3208 generale
1341 3121 1430 3190 della
1443 3121 1547 3188 Com-

321 3232 445 3320 pagnia
458 3232 492 3299 di
505 3237 604 3322 Jesir,
625 3248 691 3302 etc.
710 3239 748 3303 In
764 3239 883 3304 Roma.
902 3239 983 3303 Alia
995 3259 1115 3302 manu:
1135 3237 1230 3321 1566.
1249 3239 1400 3322 lspruch.
1420 3239 1460 3302 P.
1478 3235 1550 3302 Na·

326 3349 404 3415 tale.
425 3367 463 3416 21
483 3349 517 3416 di
534 3352 695 3420 Ottobre.
715 3354 756 3420 C.
782 3355 971 3441 Vestigium
987 3353 1109 3440 sigilii.

322 3491 520 3502 -—-—-——

375 3567 383 3598 ¹
421 3565 467 3619 Ex
485 3567 657 3637 archetypo,
671 3583 688 3620 a
702 3567 812 3637 Jacobo
828 3566 974 3638 genuensi
994 3574 1124 3636 exarato,
1138 3573 1169 3621 et
1186 3565 1299 3621 Natalis
1317 3582 1402 3622 manu
1420 3560 1543 3620 subscri·

320 3660 382 3724 pto,
396 3651 426 3706 in
440 3653 541 3725 Epist.
558 3654 682 3722 Naiai.,
696 3655 735 3720 II,
749 3655 858 3727 duplici
871 3653 939 3719 foi,
955 3653 1006 3723 153
1023 3655 1114 3724 (506).

372 3744 384 3775 2
421 3741 478 3797 Hic
495 3745 647 3814 catalogus
663 3751 694 3798 et
712 3743 761 3798 alii
779 3743 911 3814 ejusdem
934 3743 1085 3816 temporis,
1106 3744 1137 3799 in
1158 3743 1265 3817 quibus
1285 3741 1410 3798 subinde
1432 3738 1543 3797 Natalis

320 3845 422 3886 manus
435 3829 625 3902 conspicitur,
639 3831 668 3886 in
682 3833 737 3886 hoc
750 3831 899 3887 volumine
913 3849 1001 3904 saepe
1014 3849 1031 3886 a
1044 3832 1129 3887 nobis
1142 3833 1318 3903 allegantur.
