<?xml version="1.0" encoding="UTF-8"?>
<!DOCTYPE html PUBLIC "-//W3C//DTD XHTML 1.0 Transitional//EN"
    "http://www.w3.org/TR/xhtml1/DTD/xhtml1-transitional.dtd">
<html xmlns="http://www.w3.org/1999/xhtml" xml:lang="en" lang="en">
 <head>
  <title>
</title>
<meta http-equiv="Content-Type" content="text/html;charset=utf-8" />
  <meta name='ocr-system' content='tesseract 3.04.00' />
  <meta name='ocr-capabilities' content='ocr_page ocr_carea ocr_par ocr_line ocrx_word'/>
</head>
<body>
  <div class='ocr_page' id='page_1' title='image "./epistolaephiero01nadagoog_0610.png"; bbox 0 0 3384 5382; ppageno 0'>
   <div class='ocr_carea' id='block_1_1' title="bbox 585 512 1292 583">
    <p class='ocr_par' dir='ltr' id='par_1_1' title="bbox 585 512 1292 583">
     <span class='ocr_line' id='line_1_1' title="bbox 585 512 1292 583; baseline 0.02 -15"><span class='ocrx_word' id='word_1_1' title='bbox 585 526 619 583; x_wconf 89' lang='lat'><strong>25</strong></span> <span class='ocrx_word' id='word_1_2' title='bbox 638 513 756 572; x_wconf 75' lang='lat' dir='ltr'><strong>Maarn</strong></span> <span class='ocrx_word' id='word_1_3' title='bbox 775 512 845 582; x_wconf 74' lang='lat'><strong>1508</strong></span> <span class='ocrx_word' id='word_1_4' title='bbox 1239 523 1292 581; x_wconf 78' lang='lat'><strong>57¹</strong></span> 
     </span>
    </p>
   </div>
   <div class='ocr_carea' id='block_1_2' title="bbox 90 657 1355 1316">
    <p class='ocr_par' dir='ltr' id='par_1_2' title="bbox 90 657 1355 1316">
     <span class='ocr_line' id='line_1_2' title="bbox 90 657 1329 744; baseline 0.003 -24"><span class='ocrx_word' id='word_1_5' title='bbox 90 664 248 722; x_wconf 84' lang='lat' dir='ltr'><strong>nosotros</strong></span> <span class='ocrx_word' id='word_1_6' title='bbox 265 661 546 742; x_wconf 83' lang='lat' dir='ltr'><strong>procurariamos</strong></span> <span class='ocrx_word' id='word_1_7' title='bbox 560 678 629 742; x_wconf 71' lang='lat' dir='ltr'><strong>qne</strong></span> <span class='ocrx_word' id='word_1_8' title='bbox 645 679 683 726; x_wconf 88' lang='lat' dir='ltr'><strong>se</strong></span> <span class='ocrx_word' id='word_1_9' title='bbox 697 667 909 744; x_wconf 81' lang='lat' dir='ltr'><strong>stampassen</strong></span> <span class='ocrx_word' id='word_1_10' title='bbox 926 677 969 726; x_wconf 89' lang='lat' dir='ltr'><strong>en</strong></span> <span class='ocrx_word' id='word_1_11' title='bbox 985 657 1157 738; x_wconf 78' lang='lat' dir='ltr'><strong>nnueres,</strong></span> <span class='ocrx_word' id='word_1_12' title='bbox 1177 676 1223 724; x_wconf 88' lang='lat' dir='ltr'><strong>en</strong></span> <span class='ocrx_word' id='word_1_13' title='bbox 1244 675 1289 726; x_wconf 86' lang='lat' dir='ltr'><strong>vn</strong></span> <span class='ocrx_word' id='word_1_14' title='bbox 1306 661 1329 724; x_wconf 85' lang='lat' dir='ltr'><strong>o</strong></span> 
     </span>
     <span class='ocr_line' id='line_1_3' title="bbox 90 770 1328 859; baseline 0.002 -23"><span class='ocrx_word' id='word_1_15' title='bbox 90 770 147 836; x_wconf 87' lang='lat' dir='ltr'><strong>dos</strong></span> <span class='ocrx_word' id='word_1_16' title='bbox 166 771 337 839; x_wconf 89' lang='lat' dir='ltr'><strong>voiumes</strong></span> <span class='ocrx_word' id='word_1_17' title='bbox 359 773 403 840; x_wconf 90' lang='lat' dir='ltr'><strong>de</strong></span> <span class='ocrx_word' id='word_1_18' title='bbox 419 794 506 858; x_wconf 83' lang='lat' dir='ltr'><strong>muy</strong></span> <span class='ocrx_word' id='word_1_19' title='bbox 526 773 639 842; x_wconf 86' lang='lat' dir='ltr'><strong>buena</strong></span> <span class='ocrx_word' id='word_1_20' title='bbox 659 781 791 859; x_wconf 79' lang='lat' dir='ltr'><strong>stampe</strong></span> <span class='ocrx_word' id='word_1_21' title='bbox 809 770 907 858; x_wconf 82' lang='lat' dir='ltr'><strong>ysin</strong></span> <span class='ocrx_word' id='word_1_22' title='bbox 927 780 1034 841; x_wconf 81' lang='lat' dir='ltr'><strong>costa.</strong></span> <span class='ocrx_word' id='word_1_23' title='bbox 1062 775 1130 838; x_wconf 90' lang='lat' dir='ltr'><strong>Por</strong></span> <span class='ocrx_word' id='word_1_24' title='bbox 1153 792 1248 840; x_wconf 86' lang='lat' dir='ltr'><strong>arnor</strong></span> <span class='ocrx_word' id='word_1_25' title='bbox 1271 772 1328 840; x_wconf 88' lang='lat' dir='ltr'><strong>dei</strong></span> 
     </span>
     <span class='ocr_line' id='line_1_4' title="bbox 91 886 1327 976; baseline 0.002 -22"><span class='ocrx_word' id='word_1_26' title='bbox 91 886 197 954; x_wconf 79' lang='lat' dir='ltr'><strong>senor</strong></span> <span class='ocrx_word' id='word_1_27' title='bbox 214 887 261 954; x_wconf 91' lang='lat' dir='ltr'><strong>V.</strong></span> <span class='ocrx_word' id='word_1_28' title='bbox 285 889 329 955; x_wconf 91' lang='lat' dir='ltr'><strong>P.</strong></span> <span class='ocrx_word' id='word_1_29' title='bbox 346 888 381 954; x_wconf 92' lang='lat' dir='ltr'><strong>io</strong></span> <span class='ocrx_word' id='word_1_30' title='bbox 394 889 536 971; x_wconf 83' lang='lat' dir='ltr'><strong>ordene3</strong></span> <span class='ocrx_word' id='word_1_31' title='bbox 553 889 622 957; x_wconf 87' lang='lat' dir='ltr'><strong>che</strong></span> <span class='ocrx_word' id='word_1_32' title='bbox 635 893 723 958; x_wconf 84' lang='lat' dir='ltr'><strong>seria</strong></span> <span class='ocrx_word' id='word_1_33' title='bbox 738 909 840 976; x_wconf 86' lang='lat' dir='ltr'><strong>spero</strong></span> <span class='ocrx_word' id='word_1_34' title='bbox 855 909 943 975; x_wconf 82' lang='lat' dir='ltr'><strong>gran</strong></span> <span class='ocrx_word' id='word_1_35' title='bbox 958 889 1137 975; x_wconf 90' lang='lat' dir='ltr'><strong>prouecho</strong></span> <span class='ocrx_word' id='word_1_36' title='bbox 1148 893 1169 954; x_wconf 73' lang='lat' dir='ltr'><strong>a</strong></span> <span class='ocrx_word' id='word_1_37' title='bbox 1181 887 1236 955; x_wconf 77' lang='lat' dir='ltr'><strong>&#39;ios</strong></span> <span class='ocrx_word' id='word_1_38' title='bbox 1251 898 1327 956; x_wconf 87' lang='lat' dir='ltr'><strong>stu-</strong></span> 
     </span>
     <span class='ocr_line' id='line_1_5' title="bbox 91 999 1355 1097; baseline 0.003 -31"><span class='ocrx_word' id='word_1_39' title='bbox 91 999 160 1068; x_wconf 89' lang='lat' dir='ltr'><strong>dios</strong></span> <span class='ocrx_word' id='word_1_40' title='bbox 181 1001 227 1068; x_wconf 92' lang='lat' dir='ltr'><strong>de</strong></span> <span class='ocrx_word' id='word_1_41' title='bbox 253 1001 454 1070; x_wconf 82' lang='lat' dir='ltr'><strong>catholicos</strong></span> <span class='ocrx_word' id='word_1_42' title='bbox 476 1025 499 1089; x_wconf 83' lang='lat' dir='ltr'>y</span> <span class='ocrx_word' id='word_1_43' title='bbox 522 1003 585 1070; x_wconf 92' lang='lat' dir='ltr'><strong>vtii</strong></span> <span class='ocrx_word' id='word_1_44' title='bbox 608 1013 728 1071; x_wconf 86' lang='lat' dir='ltr'><strong>contra</strong></span> <span class='ocrx_word' id='word_1_45' title='bbox 751 1003 802 1070; x_wconf 88' lang='lat' dir='ltr'><strong>los</strong></span> <span class='ocrx_word' id='word_1_46' title='bbox 826 1004 971 1089; x_wconf 87' lang='lat' dir='ltr'><strong>herejes.</strong></span> <span class='ocrx_word' id='word_1_47' title='bbox 998 1004 1038 1069; x_wconf 91' lang='lat' dir='ltr'><strong>Ei</strong></span> <span class='ocrx_word' id='word_1_48' title='bbox 1059 1005 1171 1073; x_wconf 79' lang='lat' dir='ltr'><strong>Senor</strong></span> <span class='ocrx_word' id='word_1_49' title='bbox 1186 1024 1245 1072; x_wconf 88' lang='lat' dir='ltr'><strong>sea</strong></span> <span class='ocrx_word' id='word_1_50' title='bbox 1259 1023 1326 1070; x_wconf 88' lang='lat' dir='ltr'><strong>con</strong></span> <span class='ocrx_word' id='word_1_51' title='bbox 1353 1089 1355 1097; x_wconf 28' lang='grc' dir='ltr'>Ι</span> 
     </span>
     <span class='ocr_line' id='line_1_6' title="bbox 91 1118 1323 1206; baseline 0.005 -26"><span class='ocrx_word' id='word_1_52' title='bbox 91 1127 259 1196; x_wconf 80' lang='lat' dir='ltr'><strong>nosotros</strong></span> <span class='ocrx_word' id='word_1_53' title='bbox 295 1118 376 1186; x_wconf 82' lang='lat' dir='ltr'><strong>Oro</strong></span> <span class='ocrx_word' id='word_1_54' title='bbox 389 1126 458 1204; x_wconf 82' lang='lat' dir='ltr'><strong>pro</strong></span> <span class='ocrx_word' id='word_1_55' title='bbox 477 1140 540 1200; x_wconf 84' lang='lat' dir='ltr'><strong>me,</strong></span> <span class='ocrx_word' id='word_1_56' title='bbox 561 1121 682 1188; x_wconf 80' lang='lat' dir='ltr'><strong>Pater.</strong></span> <span class='ocrx_word' id='word_1_57' title='bbox 705 1122 760 1186; x_wconf 91' lang='lat' dir='ltr'><strong>De</strong></span> <span class='ocrx_word' id='word_1_58' title='bbox 779 1120 956 1206; x_wconf 82' lang='lat' dir='ltr'><strong>Louayna,</strong></span> <span class='ocrx_word' id='word_1_59' title='bbox 979 1141 1001 1206; x_wconf 89' lang='lat'>9</span> <span class='ocrx_word' id='word_1_60' title='bbox 1021 1119 1065 1186; x_wconf 91' lang='lat' dir='ltr'><strong>de</strong></span> <span class='ocrx_word' id='word_1_61' title='bbox 1086 1119 1203 1205; x_wconf 59' lang='lat' dir='ltr'><strong>Marso</strong></span> <span class='ocrx_word' id='word_1_62' title='bbox 1227 1121 1323 1204; x_wconf 82' lang='lat'><strong>1568.</strong></span> 
     </span>
     <span class='ocr_line' id='line_1_7' title="bbox 91 1231 538 1316; baseline 0.011 -17"><span class='ocrx_word' id='word_1_63' title='bbox 91 1231 131 1298; x_wconf 90' lang='lat' dir='ltr'><strong>D.</strong></span> <span class='ocrx_word' id='word_1_64' title='bbox 149 1233 190 1300; x_wconf 88' lang='lat' dir='ltr'><strong>P.</strong></span> <span class='ocrx_word' id='word_1_65' title='bbox 208 1233 258 1301; x_wconf 89' lang='lat' dir='ltr'><strong>V.</strong></span> <span class='ocrx_word' id='word_1_66' title='bbox 279 1255 388 1300; x_wconf 89' lang='lat' dir='ltr'><strong>seruo</strong></span> <span class='ocrx_word' id='word_1_67' title='bbox 404 1255 448 1302; x_wconf 90' lang='lat' dir='ltr'><strong>en</strong></span> <span class='ocrx_word' id='word_1_68' title='bbox 464 1237 538 1316; x_wconf 86' lang='lat' dir='ltr'><strong>X.⁰,</strong></span> 
     </span>
    </p>
   </div>
   <div class='ocr_carea' id='block_1_3' title="bbox 912 1357 1149 1536">
    <p class='ocr_par' dir='ltr' id='par_1_3' title="bbox 912 1357 1149 1536">
     <span class='ocr_line' id='line_1_8' title="bbox 912 1357 1149 1536; baseline 0 -89"><span class='ocrx_word' id='word_1_69' title='bbox 912 1357 1099 1536; x_wconf 49' lang='lat' dir='ltr'><strong>iNagsm·</strong></span> <span class='ocrx_word' id='word_1_70' title='bbox 1126 1359 1149 1447; x_wconf 82' lang='lat' dir='ltr'><strong>i</strong></span> 
     </span>
    </p>
   </div>
   <div class='ocr_carea' id='block_1_4' title="bbox 90 1577 1327 2480">
    <p class='ocr_par' dir='ltr' id='par_1_4' title="bbox 90 1577 1327 2480">
     <span class='ocr_line' id='line_1_9' title="bbox 147 1577 1327 1667; baseline 0 -21"><span class='ocrx_word' id='word_1_71' title='bbox 147 1577 203 1646; x_wconf 84' lang='lat' dir='ltr'><strong>Yo</strong></span> <span class='ocrx_word' id='word_1_72' title='bbox 220 1599 283 1650; x_wconf 85' lang='lat' dir='ltr'><strong>me</strong></span> <span class='ocrx_word' id='word_1_73' title='bbox 300 1581 398 1650; x_wconf 89' lang='lat' dir='ltr'><strong>hailo</strong></span> <span class='ocrx_word' id='word_1_74' title='bbox 414 1601 496 1666; x_wconf 85' lang='lat' dir='ltr'><strong>muy</strong></span> <span class='ocrx_word' id='word_1_75' title='bbox 511 1579 592 1650; x_wconf 83' lang='lat' dir='ltr'><strong>bien</strong></span> <span class='ocrx_word' id='word_1_76' title='bbox 607 1603 652 1650; x_wconf 87' lang='lat' dir='ltr'><strong>en</strong></span> <span class='ocrx_word' id='word_1_77' title='bbox 668 1581 846 1667; x_wconf 83' lang='lat' dir='ltr'><strong>Louayna,</strong></span> <span class='ocrx_word' id='word_1_78' title='bbox 863 1581 907 1650; x_wconf 87' lang='lat' dir='ltr'><strong>de</strong></span> <span class='ocrx_word' id='word_1_79' title='bbox 919 1579 1074 1660; x_wconf 80' lang='lat' dir='ltr'><strong>sonidad,</strong></span> <span class='ocrx_word' id='word_1_80' title='bbox 1093 1603 1115 1667; x_wconf 89' lang='lat' dir='ltr'><strong>y</strong></span> <span class='ocrx_word' id='word_1_81' title='bbox 1129 1582 1174 1648; x_wconf 92' lang='lat' dir='ltr'><strong>he</strong></span> <span class='ocrx_word' id='word_1_82' title='bbox 1184 1599 1327 1652; x_wconf 84' lang='lat' dir='ltr'><strong>comen-</strong></span> 
     </span>
     <span class='ocr_line' id='line_1_10' title="bbox 90 1693 1317 1790; baseline 0.005 -30"><span class='ocrx_word' id='word_1_83' title='bbox 90 1693 170 1774; x_wconf 75' lang='lat' dir='ltr'><strong>eado</strong></span> <span class='ocrx_word' id='word_1_84' title='bbox 190 1699 213 1762; x_wconf 70' lang='lat' dir='ltr'>a</span> <span class='ocrx_word' id='word_1_85' title='bbox 236 1694 380 1764; x_wconf 80' lang='lat' dir='ltr'>studiat</span> <span class='ocrx_word' id='word_1_86' title='bbox 398 1718 480 1790; x_wconf 86' lang='lat' dir='ltr'><strong>para</strong></span> <span class='ocrx_word' id='word_1_87' title='bbox 499 1695 625 1766; x_wconf 88' lang='lat' dir='ltr'><strong>scriuir</strong></span> <span class='ocrx_word' id='word_1_88' title='bbox 648 1698 777 1784; x_wconf 82' lang='lat' dir='ltr'><strong>alguna</strong></span> <span class='ocrx_word' id='word_1_89' title='bbox 798 1717 880 1766; x_wconf 81' lang='lat' dir='ltr'><strong>cose</strong></span> <span class='ocrx_word' id='word_1_90' title='bbox 900 1706 1018 1765; x_wconf 83' lang='lat' dir='ltr'><strong>eontra</strong></span> <span class='ocrx_word' id='word_1_91' title='bbox 1038 1698 1092 1764; x_wconf 89' lang='lat' dir='ltr'><strong>los</strong></span> <span class='ocrx_word' id='word_1_92' title='bbox 1112 1696 1259 1782; x_wconf 75' lang='lat' dir='ltr'><strong>herejes;</strong></span> <span class='ocrx_word' id='word_1_93' title='bbox 1282 1717 1317 1781; x_wconf 93' lang='lat' dir='ltr'><strong>y,</strong></span> 
     </span>
     <span class='ocr_line' id='line_1_11' title="bbox 93 1807 1320 1903; baseline 0.002 -28"><span class='ocrx_word' id='word_1_94' title='bbox 93 1807 229 1876; x_wconf 83' lang='lat' dir='ltr'><strong>bendito</strong></span> <span class='ocrx_word' id='word_1_95' title='bbox 254 1813 289 1880; x_wconf 87' lang='lat' dir='ltr'><strong>el</strong></span> <span class='ocrx_word' id='word_1_96' title='bbox 314 1813 442 1894; x_wconf 78' lang='lat' dir='ltr'><strong>Senor,</strong></span> <span class='ocrx_word' id='word_1_97' title='bbox 467 1835 524 1882; x_wconf 87' lang='lat' dir='ltr'><strong>me</strong></span> <span class='ocrx_word' id='word_1_98' title='bbox 545 1813 694 1903; x_wconf 79' lang='lat' dir='ltr'><strong>succede</strong></span> <span class='ocrx_word' id='word_1_99' title='bbox 717 1822 776 1882; x_wconf 88' lang='lat' dir='ltr'><strong>ian</strong></span> <span class='ocrx_word' id='word_1_100' title='bbox 796 1812 888 1893; x_wconf 86' lang='lat' dir='ltr'><strong>bien,</strong></span> <span class='ocrx_word' id='word_1_101' title='bbox 915 1833 984 1898; x_wconf 86' lang='lat' dir='ltr'><strong>que</strong></span> <span class='ocrx_word' id='word_1_102' title='bbox 1003 1812 1037 1880; x_wconf 92' lang='lat' dir='ltr'><strong>io</strong></span> <span class='ocrx_word' id='word_1_103' title='bbox 1053 1833 1109 1880; x_wconf 90' lang='lat' dir='ltr'><strong>me</strong></span> <span class='ocrx_word' id='word_1_104' title='bbox 1131 1810 1320 1884; x_wconf 83' lang='lat' dir='ltr'><strong>marauiiio.</strong></span> 
     </span>
     <span class='ocr_line' id='line_1_12' title="bbox 93 1922 1322 2015; baseline 0.004 -25"><span class='ocrx_word' id='word_1_105' title='bbox 93 1922 254 2012; x_wconf 86' lang='lat' dir='ltr'><strong>Ningnna</strong></span> <span class='ocrx_word' id='word_1_106' title='bbox 272 1948 359 1994; x_wconf 89' lang='lat' dir='ltr'><strong>cosa</strong></span> <span class='ocrx_word' id='word_1_107' title='bbox 374 1949 429 1995; x_wconf 90' lang='lat' dir='ltr'><strong>me</strong></span> <span class='ocrx_word' id='word_1_108' title='bbox 445 1949 586 2015; x_wconf 80' lang='lat' dir='ltr'><strong>patesce</strong></span> <span class='ocrx_word' id='word_1_109' title='bbox 601 1949 656 1996; x_wconf 88' lang='lat' dir='ltr'><strong>me</strong></span> <span class='ocrx_word' id='word_1_110' title='bbox 672 1929 719 1996; x_wconf 79' lang='lat' dir='ltr'><strong>ha</strong></span> <span class='ocrx_word' id='word_1_111' title='bbox 734 1927 922 1998; x_wconf 86' lang='lat' dir='ltr'><strong>suceedido</strong></span> <span class='ocrx_word' id='word_1_112' title='bbox 938 1938 996 1996; x_wconf 88' lang='lat' dir='ltr'><strong>tan</strong></span> <span class='ocrx_word' id='word_1_113' title='bbox 1012 1927 1105 1996; x_wconf 88' lang='lat' dir='ltr'><strong>bien.</strong></span> <span class='ocrx_word' id='word_1_114' title='bbox 1129 1929 1235 2013; x_wconf 84' lang='lat' dir='ltr'><strong>Estoy</strong></span> <span class='ocrx_word' id='word_1_115' title='bbox 1255 1948 1322 1996; x_wconf 89' lang='lat' dir='ltr'><strong>eon</strong></span> 
     </span>
     <span class='ocr_line' id='line_1_13' title="bbox 95 2037 1324 2130; baseline 0.003 -26"><span class='ocrx_word' id='word_1_116' title='bbox 95 2037 247 2125; x_wconf 76' lang='lat' dir='ltr'><strong>ingratia</strong></span> <span class='ocrx_word' id='word_1_117' title='bbox 261 2043 324 2110; x_wconf 87' lang='lat' dir='ltr'><strong>dei</strong></span> <span class='ocrx_word' id='word_1_118' title='bbox 341 2043 453 2111; x_wconf 76' lang='lat' dir='ltr'><strong>Senot</strong></span> <span class='ocrx_word' id='word_1_119' title='bbox 469 2042 674 2114; x_wconf 86' lang='lat' dir='ltr'><strong>indiserente</strong></span> <span class='ocrx_word' id='word_1_120' title='bbox 695 2049 715 2112; x_wconf 76' lang='lat' dir='ltr'><strong>a</strong></span> <span class='ocrx_word' id='word_1_121' title='bbox 735 2044 767 2112; x_wconf 87' lang='lat' dir='ltr'><strong>ia</strong></span> <span class='ocrx_word' id='word_1_122' title='bbox 788 2042 993 2124; x_wconf 78' lang='lat' dir='ltr'><strong>obedientia,</strong></span> <span class='ocrx_word' id='word_1_123' title='bbox 1017 2064 1099 2130; x_wconf 89' lang='lat' dir='ltr'><strong>pero</strong></span> <span class='ocrx_word' id='word_1_124' title='bbox 1119 2060 1201 2127; x_wconf 87' lang='lat' dir='ltr'><strong>muy</strong></span> <span class='ocrx_word' id='word_1_125' title='bbox 1222 2041 1324 2108; x_wconf 87' lang='lat' dir='ltr'><strong>incli-</strong></span> 
     </span>
     <span class='ocr_line' id='line_1_14' title="bbox 95 2155 1323 2244; baseline 0.005 -26"><span class='ocrx_word' id='word_1_126' title='bbox 95 2155 175 2221; x_wconf 77' lang='lat' dir='ltr'><strong>nalo</strong></span> <span class='ocrx_word' id='word_1_127' title='bbox 189 2161 210 2223; x_wconf 69' lang='lat' dir='ltr'><strong>t</strong></span> <span class='ocrx_word' id='word_1_128' title='bbox 225 2168 319 2224; x_wconf 89' lang='lat' dir='ltr'><strong>esto.</strong></span> <span class='ocrx_word' id='word_1_129' title='bbox 345 2159 388 2224; x_wconf 92' lang='lat' dir='ltr'><strong>V.</strong></span> <span class='ocrx_word' id='word_1_130' title='bbox 418 2159 458 2226; x_wconf 88' lang='grc' dir='ltr'><strong>Ρ,</strong></span> <span class='ocrx_word' id='word_1_131' title='bbox 483 2164 565 2227; x_wconf 74' lang='lat' dir='ltr'><strong>vera</strong></span> <span class='ocrx_word' id='word_1_132' title='bbox 583 2160 618 2226; x_wconf 91' lang='lat' dir='ltr'><strong>lo</strong></span> <span class='ocrx_word' id='word_1_133' title='bbox 639 2179 706 2244; x_wconf 88' lang='lat' dir='ltr'><strong>que</strong></span> <span class='ocrx_word' id='word_1_134' title='bbox 727 2165 803 2228; x_wconf 72' lang='lat' dir='ltr'><strong>sere</strong></span> <span class='ocrx_word' id='word_1_135' title='bbox 823 2158 942 2244; x_wconf 89' lang='lat' dir='ltr'><strong>mejor,</strong></span> <span class='ocrx_word' id='word_1_136' title='bbox 964 2179 987 2244; x_wconf 88' lang='lat' dir='ltr'>y</span> <span class='ocrx_word' id='word_1_137' title='bbox 1008 2179 1069 2244; x_wconf 93' lang='lat' dir='ltr'><strong>por</strong></span> <span class='ocrx_word' id='word_1_138' title='bbox 1084 2156 1247 2226; x_wconf 89' lang='lat' dir='ltr'><strong>charidad</strong></span> <span class='ocrx_word' id='word_1_139' title='bbox 1268 2177 1323 2224; x_wconf 90' lang='lat' dir='ltr'><strong>me</strong></span> 
     </span>
     <span class='ocr_line' id='line_1_15' title="bbox 96 2269 1322 2360; baseline 0.005 -26"><span class='ocrx_word' id='word_1_140' title='bbox 96 2269 197 2338; x_wconf 84' lang='lat' dir='ltr'><strong>scriua</strong></span> <span class='ocrx_word' id='word_1_141' title='bbox 213 2273 261 2340; x_wconf 87' lang='lat' dir='ltr'><strong>de</strong></span> <span class='ocrx_word' id='word_1_142' title='bbox 277 2283 295 2316; x_wconf 81' lang='lat'>⁸</span> <span class='ocrx_word' id='word_1_143' title='bbox 318 2295 422 2342; x_wconf 86' lang='lat' dir='ltr'><strong>mano</strong></span> <span class='ocrx_word' id='word_1_144' title='bbox 434 2275 537 2340; x_wconf 87' lang='lat' dir='ltr'><strong>sobre</strong></span> <span class='ocrx_word' id='word_1_145' title='bbox 549 2273 627 2355; x_wconf 90' lang='lat' dir='ltr'><strong>eiio,</strong></span> <span class='ocrx_word' id='word_1_146' title='bbox 641 2295 728 2360; x_wconf 89' lang='lat' dir='ltr'><strong>pues</strong></span> <span class='ocrx_word' id='word_1_147' title='bbox 752 2276 820 2360; x_wconf 82' lang='lat' dir='ltr'><strong>hay</strong></span> <span class='ocrx_word' id='word_1_148' title='bbox 844 2271 970 2360; x_wconf 87' lang='lat' dir='ltr'><strong>tiempo</strong></span> <span class='ocrx_word' id='word_1_149' title='bbox 987 2275 1032 2342; x_wconf 89' lang='lat' dir='ltr'><strong>de</strong></span> <span class='ocrx_word' id='word_1_150' title='bbox 1054 2283 1160 2340; x_wconf 88' lang='lat' dir='ltr'><strong>tratar</strong></span> <span class='ocrx_word' id='word_1_151' title='bbox 1182 2272 1273 2342; x_wconf 85' lang='lat' dir='ltr'><strong>deilo</strong></span> <span class='ocrx_word' id='word_1_152' title='bbox 1291 2271 1322 2353; x_wconf 72' lang='grc' dir='ltr'><strong>ι’;</strong></span> 
     </span>
     <span class='ocr_line' id='line_1_16' title="bbox 96 2382 1319 2480; baseline 0.002 -28"><span class='ocrx_word' id='word_1_153' title='bbox 96 2382 196 2476; x_wconf 65' lang='lat' dir='ltr'><strong>[puts]</strong></span> <span class='ocrx_word' id='word_1_154' title='bbox 211 2410 284 2474; x_wconf 88' lang='lat' dir='ltr'><strong>que</strong></span> <span class='ocrx_word' id='word_1_155' title='bbox 296 2387 369 2480; x_wconf 87' lang='lat' dir='ltr'><strong>[no]</strong></span> <span class='ocrx_word' id='word_1_156' title='bbox 381 2412 418 2458; x_wconf 84' lang='lat' dir='ltr'><strong>se</strong></span> <span class='ocrx_word' id='word_1_157' title='bbox 429 2409 508 2458; x_wconf 86' lang='lat' dir='ltr'><strong>eree</strong></span> <span class='ocrx_word' id='word_1_158' title='bbox 523 2411 591 2475; x_wconf 89' lang='lat' dir='ltr'><strong>que</strong></span> <span class='ocrx_word' id='word_1_159' title='bbox 603 2411 641 2458; x_wconf 91' lang='lat' dir='ltr'><strong>se</strong></span> <span class='ocrx_word' id='word_1_160' title='bbox 652 2390 764 2476; x_wconf 84' lang='lat' dir='ltr'><strong>pueda</strong></span> <span class='ocrx_word' id='word_1_161' title='bbox 775 2399 890 2458; x_wconf 81' lang='lat' dir='ltr'><strong>errtrar</strong></span> <span class='ocrx_word' id='word_1_162' title='bbox 907 2411 953 2462; x_wconf 83' lang='lat' dir='ltr'><strong>en</strong></span> <span class='ocrx_word' id='word_1_163' title='bbox 965 2389 1109 2458; x_wconf 85' lang='lat' dir='ltr'><strong>Francia</strong></span> <span class='ocrx_word' id='word_1_164' title='bbox 1122 2399 1181 2456; x_wconf 88' lang='lat' dir='ltr'><strong>tan</strong></span> <span class='ocrx_word' id='word_1_165' title='bbox 1192 2397 1319 2475; x_wconf 88' lang='lat' dir='ltr'><strong>presto.</strong></span> 
     </span>
    </p>
   </div>
   <div class='ocr_carea' id='block_1_5' title="bbox 99 2501 1321 2707">
    <p class='ocr_par' dir='ltr' id='par_1_5' title="bbox 99 2501 1321 2707">
     <span class='ocr_line' id='line_1_17' title="bbox 153 2501 1321 2593; baseline 0.005 -26"><span class='ocrx_word' id='word_1_166' title='bbox 153 2501 381 2591; x_wconf 77' lang='lat' dir='ltr'><strong>inscription</strong></span> <span class='ocrx_word' id='word_1_167' title='bbox 396 2510 505 2593; x_wconf 79' lang='lat' dir='ltr'><strong>tergo,</strong></span> <span class='ocrx_word' id='word_1_168' title='bbox 522 2505 663 2572; x_wconf 77' lang='lat' dir='ltr'><strong>Natalis</strong></span> <span class='ocrx_word' id='word_1_169' title='bbox 683 2527 802 2572; x_wconf 86' lang='lat' dir='ltr'><strong>manu:</strong></span> <span class='ocrx_word' id='word_1_170' title='bbox 825 2505 847 2593; x_wconf 88' lang='lat'>†</span> <span class='ocrx_word' id='word_1_171' title='bbox 869 2504 964 2578; x_wconf 86' lang='lat' dir='ltr'><strong>Patri</strong></span> <span class='ocrx_word' id='word_1_172' title='bbox 984 2515 1116 2572; x_wconf 80' lang='lat' dir='ltr'><strong>nostro,</strong></span> <span class='ocrx_word' id='word_1_173' title='bbox 1135 2503 1220 2574; x_wconf 92' lang='lat' dir='ltr'><strong>Soli.</strong></span> <span class='ocrx_word' id='word_1_174' title='bbox 1237 2503 1321 2573; x_wconf 77' lang='lat' dir='ltr'><strong>Alia</strong></span> 
     </span>
     <span class='ocr_line' id='line_1_18' title="bbox 99 2635 258 2707; baseline 0.05 -28"><span class='ocrx_word' id='word_1_175' title='bbox 99 2635 207 2684; x_wconf 83' lang='lat' dir='ltr'><strong>manu:</strong></span> <span class='ocrx_word' id='word_1_176' title='bbox 223 2642 258 2707; x_wconf 86' lang='lat' dir='ltr'><strong>p.</strong></span> 
     </span>
    </p>
   </div>
   <div class='ocr_carea' id='block_1_6' title="bbox 673 2764 758 2826">
    <p class='ocr_par' dir='ltr' id='par_1_6' title="bbox 673 2764 758 2826">
     <span class='ocr_line' id='line_1_19' title="bbox 673 2764 758 2826; baseline 0 0"><span class='ocrx_word' id='word_1_177' title='bbox 673 2764 758 2826; x_wconf 69' lang='lat' dir='ltr'><strong>itin</strong></span> 
     </span>
    </p>
   </div>
   <div class='ocr_carea' id='block_1_7' title="bbox 424 2889 993 2960">
    <p class='ocr_par' dir='ltr' id='par_1_7' title="bbox 424 2889 993 2960">
     <span class='ocr_line' id='line_1_20' title="bbox 424 2889 993 2960; baseline -0.004 0"><span class='ocrx_word' id='word_1_178' title='bbox 424 2891 465 2960; x_wconf 89' lang='lat' dir='ltr'><strong>P.</strong></span> <span class='ocrx_word' id='word_1_179' title='bbox 493 2891 804 2960; x_wconf 85' lang='lat' dir='ltr'>HIERONYMUS</span> <span class='ocrx_word' id='word_1_180' title='bbox 827 2889 993 2958; x_wconf 81' lang='lat' dir='ltr'>NADAL</span> 
     </span>
    </p>
   </div>
   <div class='ocr_carea' id='block_1_8' title="bbox 334 3012 1076 3181">
    <p class='ocr_par' dir='ltr' id='par_1_8' title="bbox 334 3012 1076 3181">
     <span class='ocr_line' id='line_1_21' title="bbox 334 3012 1076 3084; baseline -0.003 -13"><span class='ocrx_word' id='word_1_181' title='bbox 334 3012 518 3073; x_wconf 83' lang='lat' dir='ltr'>SANCTO</span> <span class='ocrx_word' id='word_1_182' title='bbox 546 3012 815 3072; x_wconf 83' lang='lat' dir='ltr'><strong>FRANCISCO</strong></span> <span class='ocrx_word' id='word_1_183' title='bbox 843 3014 901 3070; x_wconf 77' lang='lat' dir='ltr'><strong>DE</strong></span> <span class='ocrx_word' id='word_1_184' title='bbox 928 3012 1076 3084; x_wconf 82' lang='lat' dir='ltr'>BORJA</span> 
     </span>
     <span class='ocr_line' id='line_1_22' title="bbox 444 3111 959 3181; baseline -0.006 -11"><span class='ocrx_word' id='word_1_185' title='bbox 444 3123 660 3178; x_wconf 74' lang='lat' dir='ltr'><strong>anrvnneran,</strong></span> <span class='ocrx_word' id='word_1_186' title='bbox 674 3124 708 3181; x_wconf 83' lang='lat'><strong>25</strong></span> <span class='ocrx_word' id='word_1_187' title='bbox 721 3124 835 3168; x_wconf 68' lang='grc' dir='ltr'><strong>ωιτη</strong></span> <span class='ocrx_word' id='word_1_188' title='bbox 853 3111 921 3181; x_wconf 86' lang='lat'>1568</span> <span class='ocrx_word' id='word_1_189' title='bbox 935 3115 959 3167; x_wconf 79' lang='lat'><strong>¹.</strong></span> 
     </span>
    </p>
   </div>
   <div class='ocr_carea' id='block_1_9' title="bbox 109 3217 1324 3392">
    <p class='ocr_par' dir='ltr' id='par_1_9' title="bbox 109 3217 1324 3392">
     <span class='ocr_line' id='line_1_23' title="bbox 109 3217 1324 3300; baseline 0.002 -23"><span class='ocrx_word' id='word_1_190' title='bbox 109 3229 132 3271; x_wconf 85' lang='lat'><strong>1.</strong></span> <span class='ocrx_word' id='word_1_191' title='bbox 145 3217 209 3278; x_wconf 72' lang='lat' dir='ltr'><strong>Duo</strong></span> <span class='ocrx_word' id='word_1_192' title='bbox 219 3229 389 3284; x_wconf 71' lang='lat' dir='ltr'><strong>sacerdotes</strong></span> <span class='ocrx_word' id='word_1_193' title='bbox 401 3228 525 3300; x_wconf 72' lang='lat' dir='ltr'><strong>hispani</strong></span> <span class='ocrx_word' id='word_1_194' title='bbox 536 3231 747 3299; x_wconf 74' lang='lat' dir='ltr'><strong>expectantur:</strong></span> <span class='ocrx_word' id='word_1_195' title='bbox 763 3227 870 3282; x_wconf 80' lang='lat' dir='ltr'><strong>domus</strong></span> <span class='ocrx_word' id='word_1_196' title='bbox 886 3243 907 3282; x_wconf 77' lang='lat' dir='ltr'><strong>a</strong></span> <span class='ocrx_word' id='word_1_197' title='bbox 923 3227 1011 3282; x_wconf 80' lang='lat' dir='ltr'><strong>sociis</strong></span> <span class='ocrx_word' id='word_1_198' title='bbox 1030 3225 1198 3280; x_wconf 67' lang='lat' dir='ltr'><strong>habitam</strong></span> <span class='ocrx_word' id='word_1_199' title='bbox 1215 3227 1324 3297; x_wconf 77' lang='lat' dir='ltr'><strong>quaeri</strong></span> 
     </span>
     <span class='ocr_line' id='line_1_24' title="bbox 124 3309 1295 3392; baseline 0.008 -33"><span class='ocrx_word' id='word_1_200' title='bbox 124 3309 244 3372; x_wconf 64' lang='lat' dir='ltr'><strong>tren-2.</strong></span> <span class='ocrx_word' id='word_1_201' title='bbox 258 3317 308 3374; x_wconf 82' lang='lat' dir='ltr'><strong>De</strong></span> <span class='ocrx_word' id='word_1_202' title='bbox 319 3317 447 3392; x_wconf 76' lang='lat' dir='ltr'><strong>collegio</strong></span> <span class='ocrx_word' id='word_1_203' title='bbox 459 3317 679 3388; x_wconf 62' lang='lat' dir='ltr'><strong>anaema—3.</strong></span> <span class='ocrx_word' id='word_1_204' title='bbox 694 3315 740 3372; x_wconf 79' lang='lat' dir='ltr'><strong>De</strong></span> <span class='ocrx_word' id='word_1_205' title='bbox 754 3316 854 3372; x_wconf 80' lang='lat' dir='ltr'><strong>libello</strong></span> <span class='ocrx_word' id='word_1_206' title='bbox 867 3335 886 3371; x_wconf 82' lang='lat' dir='ltr'><strong>a</strong></span> <span class='ocrx_word' id='word_1_207' title='bbox 899 3315 1063 3372; x_wconf 78' lang='lat' dir='ltr'><strong>Berredieto</strong></span> <span class='ocrx_word' id='word_1_208' title='bbox 1075 3313 1192 3385; x_wconf 79' lang='lat' dir='ltr'><strong>Morejo</strong></span> <span class='ocrx_word' id='word_1_209' title='bbox 1205 3315 1295 3370; x_wconf 82' lang='lat' dir='ltr'><strong>edito.</strong></span> 
     </span>
    </p>
   </div>
   <div class='ocr_carea' id='block_1_10' title="bbox 103 3430 1324 3869">
    <p class='ocr_par' dir='ltr' id='par_1_10' title="bbox 103 3430 1324 3869">
     <span class='ocr_line' id='line_1_25' title="bbox 162 3430 1324 3522; baseline 0 -25"><span class='ocrx_word' id='word_1_210' title='bbox 162 3443 189 3497; x_wconf 92' lang='lat'><strong>1.</strong></span> <span class='ocrx_word' id='word_1_211' title='bbox 230 3435 333 3522; x_wconf 85' lang='lat' dir='ltr'><strong>Jhus.</strong></span> <span class='ocrx_word' id='word_1_212' title='bbox 352 3434 460 3502; x_wconf 90' lang='lat' dir='ltr'><strong>Moito</strong></span> <span class='ocrx_word' id='word_1_213' title='bbox 475 3435 563 3503; x_wconf 91' lang='lat' dir='ltr'><strong>Rdo.</strong></span> <span class='ocrx_word' id='word_1_214' title='bbox 579 3435 619 3504; x_wconf 89' lang='grc' dir='ltr'><strong>Ρ,</strong></span> <span class='ocrx_word' id='word_1_215' title='bbox 634 3435 679 3502; x_wconf 91' lang='lat' dir='ltr'><strong>N.</strong></span> <span class='ocrx_word' id='word_1_216' title='bbox 694 3432 730 3500; x_wconf 93' lang='lat' dir='ltr'><strong>in</strong></span> <span class='ocrx_word' id='word_1_217' title='bbox 743 3433 901 3502; x_wconf 82' lang='lat' dir='ltr'><strong>Christo,</strong></span> <span class='ocrx_word' id='word_1_218' title='bbox 918 3435 991 3500; x_wconf 84' lang='lat' dir='ltr'><strong>Pax</strong></span> <span class='ocrx_word' id='word_1_219' title='bbox 1004 3430 1146 3512; x_wconf 85' lang='lat' dir='ltr'><strong>Christi,</strong></span> <span class='ocrx_word' id='word_1_220' title='bbox 1160 3443 1229 3499; x_wconf 90' lang='lat' dir='ltr'><strong>etc.</strong></span> <span class='ocrx_word' id='word_1_221' title='bbox 1244 3432 1324 3498; x_wconf 89' lang='lat' dir='ltr'><strong>Non</strong></span> 
     </span>
     <span class='ocr_line' id='line_1_26' title="bbox 103 3533 1322 3637; baseline 0.004 -27"><span class='ocrx_word' id='word_1_222' title='bbox 103 3533 142 3602; x_wconf 77' lang='lat' dir='ltr'><strong>ho</strong></span> <span class='ocrx_word' id='word_1_223' title='bbox 154 3542 296 3616; x_wconf 84' lang='lat' dir='ltr'><strong>hauutta</strong></span> <span class='ocrx_word' id='word_1_224' title='bbox 310 3549 432 3619; x_wconf 84' lang='lat' dir='ltr'><strong>lettera</strong></span> <span class='ocrx_word' id='word_1_225' title='bbox 447 3550 536 3617; x_wconf 88' lang='lat' dir='ltr'><strong>della</strong></span> <span class='ocrx_word' id='word_1_226' title='bbox 553 3552 594 3617; x_wconf 88' lang='lat' dir='ltr'><strong>P.</strong></span> <span class='ocrx_word' id='word_1_227' title='bbox 613 3551 656 3618; x_wconf 92' lang='lat' dir='ltr'><strong>V.</strong></span> <span class='ocrx_word' id='word_1_228' title='bbox 676 3551 766 3637; x_wconf 90' lang='lat' dir='ltr'><strong>dopo</strong></span> <span class='ocrx_word' id='word_1_229' title='bbox 782 3549 896 3635; x_wconf 89' lang='lat' dir='ltr'><strong>quella</strong></span> <span class='ocrx_word' id='word_1_230' title='bbox 911 3548 967 3615; x_wconf 88' lang='lat' dir='ltr'><strong>dei</strong></span> <span class='ocrx_word' id='word_1_231' title='bbox 987 3547 1177 3634; x_wconf 90' lang='lat' dir='ltr'><strong>penultimo</strong></span> <span class='ocrx_word' id='word_1_232' title='bbox 1198 3545 1234 3612; x_wconf 92' lang='lat' dir='ltr'><strong>di</strong></span> <span class='ocrx_word' id='word_1_233' title='bbox 1254 3548 1322 3615; x_wconf 88' lang='lat' dir='ltr'><strong>Fe-</strong></span> 
     </span>
     <span class='ocr_line' id='line_1_27' title="bbox 105 3647 1320 3753; baseline 0.005 -32"><span class='ocrx_word' id='word_1_234' title='bbox 105 3647 201 3741; x_wconf 87' lang='lat' dir='ltr'><strong>braro,</strong></span> <span class='ocrx_word' id='word_1_235' title='bbox 218 3664 285 3732; x_wconf 84' lang='lat' dir='ltr'><strong>alia</strong></span> <span class='ocrx_word' id='word_1_236' title='bbox 300 3665 402 3752; x_wconf 87' lang='lat' dir='ltr'><strong>quale</strong></span> <span class='ocrx_word' id='word_1_237' title='bbox 418 3665 532 3733; x_wconf 84' lang='lat' dir='ltr'><strong>alcuni</strong></span> <span class='ocrx_word' id='word_1_238' title='bbox 545 3664 657 3753; x_wconf 85' lang='lat' dir='ltr'><strong>giomi</strong></span> <span class='ocrx_word' id='word_1_239' title='bbox 673 3667 707 3734; x_wconf 84' lang='lat' dir='ltr'><strong>fa</strong></span> <span class='ocrx_word' id='word_1_240' title='bbox 719 3664 840 3752; x_wconf 88' lang='lat' dir='ltr'><strong>risposi</strong></span> <span class='ocrx_word' id='word_1_241' title='bbox 852 3667 878 3732; x_wconf 88' lang='lat'><strong>¹.</strong></span> <span class='ocrx_word' id='word_1_242' title='bbox 894 3663 1025 3734; x_wconf 84' lang='lat' dir='ltr'><strong>Stiamo</strong></span> <span class='ocrx_word' id='word_1_243' title='bbox 1037 3662 1119 3729; x_wconf 85' lang='lat' dir='ltr'><strong>tutti</strong></span> <span class='ocrx_word' id='word_1_244' title='bbox 1130 3685 1196 3730; x_wconf 90' lang='lat' dir='ltr'><strong>con</strong></span> <span class='ocrx_word' id='word_1_245' title='bbox 1209 3662 1320 3749; x_wconf 83' lang='lat' dir='ltr'><strong>grand</strong></span> 
     </span>
     <span class='ocr_line' id='line_1_28' title="bbox 106 3764 1319 3869; baseline 0.004 -33"><span class='ocrx_word' id='word_1_246' title='bbox 106 3764 257 3847; x_wconf 77' lang='lat' dir='ltr'><strong>desiderio</strong></span> <span class='ocrx_word' id='word_1_247' title='bbox 272 3781 478 3867; x_wconf 83' lang='lat' dir='ltr'><strong>aspetiando</strong></span> <span class='ocrx_word' id='word_1_248' title='bbox 494 3780 517 3846; x_wconf 93' lang='lat' dir='ltr'><strong>ii</strong></span> <span class='ocrx_word' id='word_1_249' title='bbox 533 3780 593 3848; x_wconf 86' lang='lat' dir='ltr'><strong>doi</strong></span> <span class='ocrx_word' id='word_1_250' title='bbox 608 3780 711 3850; x_wconf 88' lang='lat' dir='ltr'><strong>Padri</strong></span> <span class='ocrx_word' id='word_1_251' title='bbox 728 3779 910 3869; x_wconf 86' lang='lat' dir='ltr'><strong>spagnuoii</strong></span> <span class='ocrx_word' id='word_1_252' title='bbox 923 3782 948 3846; x_wconf 78' lang='lat'><strong>³.</strong></span> <span class='ocrx_word' id='word_1_253' title='bbox 967 3779 1067 3849; x_wconf 83' lang='lat' dir='ltr'><strong>Stard</strong></span> <span class='ocrx_word' id='word_1_254' title='bbox 1083 3779 1127 3844; x_wconf 86' lang='lat' dir='ltr'><strong>ad</strong></span> <span class='ocrx_word' id='word_1_255' title='bbox 1145 3775 1319 3866; x_wconf 83' lang='lat' dir='ltr'><strong>aspettarii</strong></span> 
     </span>
    </p>
   </div>
   <div class='ocr_carea' id='block_1_11' title="bbox 107 3915 287 3942">
    <p class='ocr_par' dir='ltr' id='par_1_11' title="bbox 107 3915 287 3942">
     <span class='ocr_line' id='line_1_29' title="bbox 107 3915 287 3942; baseline 0 0"><span class='ocrx_word' id='word_1_256' title='bbox 107 3915 287 3942; x_wconf 32' lang='lat'><strong>&amp;—</strong></span> 
     </span>
    </p>
   </div>
   <div class='ocr_carea' id='block_1_12' title="bbox 105 3999 1318 4167">
    <p class='ocr_par' dir='ltr' id='par_1_12' title="bbox 105 3999 1318 4167">
     <span class='ocr_line' id='line_1_30' title="bbox 149 3999 1318 4076; baseline 0.001 -19"><span class='ocrx_word' id='word_1_257' title='bbox 149 4003 164 4037; x_wconf 79' lang='lat'>⁸</span> <span class='ocrx_word' id='word_1_258' title='bbox 188 3999 269 4070; x_wconf 82' lang='lat' dir='ltr'><strong>Quae</strong></span> <span class='ocrx_word' id='word_1_259' title='bbox 282 4011 446 4076; x_wconf 77' lang='lat' dir='ltr'><strong>sequuntur</strong></span> <span class='ocrx_word' id='word_1_260' title='bbox 455 4003 573 4076; x_wconf 84' lang='lat' dir='ltr'><strong>scripsit</strong></span> <span class='ocrx_word' id='word_1_261' title='bbox 583 4003 621 4060; x_wconf 89' lang='lat' dir='ltr'><strong>N.</strong></span> <span class='ocrx_word' id='word_1_262' title='bbox 632 4002 663 4060; x_wconf 87' lang='lat' dir='ltr'><strong>in</strong></span> <span class='ocrx_word' id='word_1_263' title='bbox 677 4021 781 4075; x_wconf 73' lang='lat' dir='ltr'><strong>marg,</strong></span> <span class='ocrx_word' id='word_1_264' title='bbox 793 4019 830 4060; x_wconf 90' lang='lat' dir='ltr'><strong>eo</strong></span> <span class='ocrx_word' id='word_1_265' title='bbox 839 4001 917 4076; x_wconf 89' lang='lat' dir='ltr'><strong>quod</strong></span> <span class='ocrx_word' id='word_1_266' title='bbox 930 4004 1012 4060; x_wconf 82' lang='lat' dir='ltr'><strong>locus</strong></span> <span class='ocrx_word' id='word_1_267' title='bbox 1026 4002 1056 4058; x_wconf 90' lang='lat' dir='ltr'><strong>in</strong></span> <span class='ocrx_word' id='word_1_268' title='bbox 1069 4003 1128 4058; x_wconf 85' lang='lat' dir='ltr'><strong>ima</strong></span> <span class='ocrx_word' id='word_1_269' title='bbox 1140 4009 1224 4074; x_wconf 80' lang='lat' dir='ltr'><strong>parte</strong></span> <span class='ocrx_word' id='word_1_270' title='bbox 1237 4000 1318 4074; x_wconf 84' lang='lat' dir='ltr'><strong>pagi·</strong></span> 
     </span>
     <span class='ocr_line' id='line_1_31' title="bbox 105 4089 1318 4167; baseline 0.011 -36"><span class='ocrx_word' id='word_1_271' title='bbox 105 4090 150 4134; x_wconf 81' lang='lat' dir='ltr'><strong>ure</strong></span> <span class='ocrx_word' id='word_1_272' title='bbox 163 4101 217 4145; x_wconf 85' lang='lat' dir='ltr'><strong>non</strong></span> <span class='ocrx_word' id='word_1_273' title='bbox 232 4095 476 4166; x_wconf 79' lang='lat' dir='ltr'><strong>suppetebat.-b</strong></span> <span class='ocrx_word' id='word_1_274' title='bbox 495 4093 636 4167; x_wconf 84' lang='lat' dir='ltr'><strong>Sequitur</strong></span> <span class='ocrx_word' id='word_1_275' title='bbox 653 4111 744 4150; x_wconf 89' lang='lat' dir='ltr'><strong>unum</strong></span> <span class='ocrx_word' id='word_1_276' title='bbox 767 4094 851 4149; x_wconf 85' lang='lat' dir='ltr'><strong>verb.</strong></span> <span class='ocrx_word' id='word_1_277' title='bbox 871 4091 1060 4151; x_wconf 83' lang='lat' dir='ltr'><strong>obliteratum</strong></span> <span class='ocrx_word' id='word_1_278' title='bbox 1082 4099 1113 4148; x_wconf 91' lang='lat' dir='ltr'><strong>et</strong></span> <span class='ocrx_word' id='word_1_279' title='bbox 1134 4091 1233 4148; x_wconf 81' lang='lat' dir='ltr'><strong>littera</strong></span> <span class='ocrx_word' id='word_1_280' title='bbox 1252 4089 1318 4146; x_wconf 80' lang='lat' dir='ltr'><strong>iere</strong></span> 
     </span>
    </p>
   </div>
   <div class='ocr_carea' id='block_1_13' title="bbox 105 4161 1193 4316">
    <p class='ocr_par' dir='ltr' id='par_1_13' title="bbox 105 4161 1193 4316">
     <span class='ocr_line' id='line_1_32' title="bbox 105 4161 1193 4246; baseline 0.017 -29"><span class='ocrx_word' id='word_1_281' title='bbox 105 4161 194 4230; x_wconf 75' lang='lat' dir='ltr'><strong>deleta.</strong></span> <span class='ocrx_word' id='word_1_282' title='bbox 207 4180 335 4238; x_wconf 81' lang='lat' dir='ltr'><strong>Aliunde</strong></span> <span class='ocrx_word' id='word_1_283' title='bbox 348 4199 455 4246; x_wconf 80' lang='lat' dir='ltr'><strong>sensus</strong></span> <span class='ocrx_word' id='word_1_284' title='bbox 467 4181 637 4240; x_wconf 82' lang='lat' dir='ltr'><strong>desiderare</strong></span> <span class='ocrx_word' id='word_1_285' title='bbox 650 4181 768 4240; x_wconf 84' lang='lat' dir='ltr'><strong>videtur</strong></span> <span class='ocrx_word' id='word_1_286' title='bbox 780 4181 839 4238; x_wconf 87' lang='lat' dir='ltr'><strong>duo</strong></span> <span class='ocrx_word' id='word_1_287' title='bbox 852 4183 943 4238; x_wconf 82' lang='lat' dir='ltr'><strong>verba</strong></span> <span class='ocrx_word' id='word_1_288' title='bbox 956 4199 974 4238; x_wconf 80' lang='lat' dir='ltr'>a</span> <span class='ocrx_word' id='word_1_289' title='bbox 986 4182 1072 4238; x_wconf 83' lang='lat' dir='ltr'><strong>nobis</strong></span> <span class='ocrx_word' id='word_1_290' title='bbox 1084 4179 1193 4236; x_wconf 78' lang='lat' dir='ltr'><strong>addita.</strong></span> 
     </span>
     <span class='ocr_line' id='line_1_33' title="bbox 109 4285 285 4316; baseline 0.119 -21"><span class='ocrx_word' id='word_1_291' title='bbox 109 4285 285 4316; x_wconf 38' lang='lat' dir='ltr'><strong>x„-</strong></span> 
     </span>
    </p>
   </div>
   <div class='ocr_carea' id='block_1_14' title="bbox 107 4359 1316 4800">
    <p class='ocr_par' dir='ltr' id='par_1_14' title="bbox 107 4359 1316 4532">
     <span class='ocr_line' id='line_1_34' title="bbox 147 4359 1316 4444; baseline 0.003 -22"><span class='ocrx_word' id='word_1_292' title='bbox 147 4359 155 4390; x_wconf 85' lang='lat'><strong>¹</strong></span> <span class='ocrx_word' id='word_1_293' title='bbox 185 4365 226 4423; x_wconf 83' lang='lat' dir='ltr'><strong>Ex</strong></span> <span class='ocrx_word' id='word_1_294' title='bbox 245 4370 418 4444; x_wconf 85' lang='lat' dir='ltr'><strong>archetypo,</strong></span> <span class='ocrx_word' id='word_1_295' title='bbox 440 4387 458 4428; x_wconf 84' lang='lat' dir='ltr'><strong>a</strong></span> <span class='ocrx_word' id='word_1_296' title='bbox 479 4370 615 4442; x_wconf 85' lang='lat' dir='ltr'><strong>Jimenez</strong></span> <span class='ocrx_word' id='word_1_297' title='bbox 636 4377 768 4443; x_wconf 79' lang='lat' dir='ltr'><strong>exarato,</strong></span> <span class='ocrx_word' id='word_1_298' title='bbox 790 4377 820 4426; x_wconf 90' lang='lat' dir='ltr'><strong>et</strong></span> <span class='ocrx_word' id='word_1_299' title='bbox 842 4369 956 4426; x_wconf 81' lang='lat' dir='ltr'><strong>Natalis</strong></span> <span class='ocrx_word' id='word_1_300' title='bbox 979 4386 1067 4424; x_wconf 86' lang='lat' dir='ltr'><strong>manu</strong></span> <span class='ocrx_word' id='word_1_301' title='bbox 1088 4368 1266 4441; x_wconf 78' lang='lat' dir='ltr'><strong>subscripto,</strong></span> <span class='ocrx_word' id='word_1_302' title='bbox 1285 4368 1316 4425; x_wconf 89' lang='lat' dir='ltr'><strong>in</strong></span> 
     </span>
     <span class='ocr_line' id='line_1_35' title="bbox 107 4439 738 4532; baseline 0.003 -18"><span class='ocrx_word' id='word_1_303' title='bbox 107 4439 185 4514; x_wconf 61' lang='lat' dir='ltr'><strong>iiio.</strong></span> <span class='ocrx_word' id='word_1_304' title='bbox 196 4455 311 4528; x_wconf 71' lang='lat' dir='ltr'><strong>Naar,</strong></span> <span class='ocrx_word' id='word_1_305' title='bbox 325 4460 366 4532; x_wconf 91' lang='lat'><strong>11,</strong></span> <span class='ocrx_word' id='word_1_306' title='bbox 379 4459 489 4532; x_wconf 73' lang='lat' dir='ltr'><strong>duplici</strong></span> <span class='ocrx_word' id='word_1_307' title='bbox 503 4458 567 4528; x_wconf 82' lang='lat' dir='ltr'><strong>ror,</strong></span> <span class='ocrx_word' id='word_1_308' title='bbox 583 4472 634 4530; x_wconf 85' lang='lat'><strong>199</strong></span> <span class='ocrx_word' id='word_1_309' title='bbox 646 4459 738 4530; x_wconf 79' lang='lat'><strong>(40⁶).</strong></span> 
     </span>
    </p>

    <p class='ocr_par' dir='ltr' id='par_1_15' title="bbox 110 4541 1314 4702">
     <span class='ocr_line' id='line_1_36' title="bbox 148 4541 1314 4622; baseline 0.001 -21"><span class='ocrx_word' id='word_1_310' title='bbox 148 4541 158 4572; x_wconf 80' lang='lat'><strong>¹</strong></span> <span class='ocrx_word' id='word_1_311' title='bbox 188 4543 248 4604; x_wconf 84' lang='lat' dir='ltr'><strong>iiec</strong></span> <span class='ocrx_word' id='word_1_312' title='bbox 260 4549 387 4622; x_wconf 75' lang='lat' dir='ltr'><strong>Bergine</strong></span> <span class='ocrx_word' id='word_1_313' title='bbox 399 4549 536 4622; x_wconf 68' lang='lat' dir='ltr'><strong>epistole,</strong></span> <span class='ocrx_word' id='word_1_314' title='bbox 549 4565 605 4607; x_wconf 82' lang='lat' dir='ltr'><strong>nec</strong></span> <span class='ocrx_word' id='word_1_315' title='bbox 624 4548 738 4606; x_wconf 74' lang='lat' dir='ltr'><strong>Natalis</strong></span> <span class='ocrx_word' id='word_1_316' title='bbox 755 4546 917 4622; x_wconf 76' lang='lat' dir='ltr'><strong>responsio,</strong></span> <span class='ocrx_word' id='word_1_317' title='bbox 936 4549 984 4605; x_wconf 88' lang='lat' dir='ltr'><strong>hie</strong></span> <span class='ocrx_word' id='word_1_318' title='bbox 999 4555 1258 4616; x_wconf 74' lang='lat' dir='ltr'><strong>commemoratae,</strong></span> <span class='ocrx_word' id='word_1_319' title='bbox 1277 4547 1314 4602; x_wconf 86' lang='lat' dir='ltr'><strong>ad</strong></span> 
     </span>
     <span class='ocr_line' id='line_1_37' title="bbox 110 4635 368 4702; baseline -0.023 0"><span class='ocrx_word' id='word_1_320' title='bbox 110 4635 152 4682; x_wconf 80' lang='lat'><strong>¹¹⁰¹</strong></span> <span class='ocrx_word' id='word_1_321' title='bbox 162 4645 368 4702; x_wconf 59' lang='lat' dir='ltr'><strong>invenenat.</strong></span> 
     </span>
    </p>

    <p class='ocr_par' dir='ltr' id='par_1_16' title="bbox 151 4716 1146 4800">
     <span class='ocr_line' id='line_1_38' title="bbox 151 4716 1146 4800; baseline 0.004 -22"><span class='ocrx_word' id='word_1_322' title='bbox 151 4716 161 4749; x_wconf 82' lang='lat'>⁸</span> <span class='ocrx_word' id='word_1_323' title='bbox 192 4722 245 4782; x_wconf 86' lang='lat' dir='ltr'><strong>PP.</strong></span> <span class='ocrx_word' id='word_1_324' title='bbox 260 4726 390 4784; x_wconf 82' lang='lat' dir='ltr'><strong>Didacus</strong></span> <span class='ocrx_word' id='word_1_325' title='bbox 400 4725 439 4782; x_wconf 91' lang='lat' dir='ltr'><strong>de</strong></span> <span class='ocrx_word' id='word_1_326' title='bbox 453 4727 563 4785; x_wconf 83' lang='lat' dir='ltr'><strong>Acosta</strong></span> <span class='ocrx_word' id='word_1_327' title='bbox 577 4736 607 4783; x_wconf 92' lang='lat' dir='ltr'><strong>et</strong></span> <span class='ocrx_word' id='word_1_328' title='bbox 620 4727 751 4799; x_wconf 87' lang='lat' dir='ltr'><strong>Joannes</strong></span> <span class='ocrx_word' id='word_1_329' title='bbox 764 4727 875 4798; x_wconf 86' lang='lat' dir='ltr'><strong>Javier.</strong></span> <span class='ocrx_word' id='word_1_330' title='bbox 890 4726 966 4783; x_wconf 90' lang='lat' dir='ltr'><strong>Vide</strong></span> <span class='ocrx_word' id='word_1_331' title='bbox 979 4727 1067 4800; x_wconf 86' lang='lat' dir='ltr'><strong>epist.</strong></span> <span class='ocrx_word' id='word_1_332' title='bbox 1082 4738 1146 4798; x_wconf 86' lang='lat'><strong>505.</strong></span> 
     </span>
    </p>
   </div>
   <div class='ocr_carea' id='block_1_15' title="bbox 0 0 1727 5382">
    <p class='ocr_par' dir='ltr' id='par_1_17' title="bbox 0 0 1727 5382">
     <span class='ocr_line' id='line_1_39' title="bbox 0 0 1727 5382; baseline 0 0"><span class='ocrx_word' id='word_1_333' title='bbox 0 0 1727 5382; x_wconf 95' lang='lat' dir='ltr'><strong> </strong></span> 
     </span>
    </p>
   </div>
  </div>
 </body>
</html>
