3404 5380
560 544 593 586 10
613 532 759 588 Aoousrr
779 532 848 602 1566
1228 544 1278 588 211

104 679 181 748 tiene
195 681 305 764 quella
317 682 459 750 natione
474 704 542 750 con
558 683 582 750 li
597 683 725 771 poloni,
745 693 780 750 et
791 682 821 752 si
836 706 942 771 pensa
959 686 1030 750 tari
1046 685 1257 753 dottamente
1269 707 1316 752 un

103 815 189 861 oorso
201 795 233 861 in
249 796 395 884 Dilinga
410 820 432 864 o
448 799 672 886 Ingolstadio.

162 931 189 994 3.
233 913 321 980 IlP.
350 914 524 1001 Gregorio
554 918 564 949 ¹
589 915 731 982 tudesco
758 919 803 982 ha
830 926 935 982 auuto
963 937 1032 982 una
1058 914 1261 982 comissione
1281 916 1318 981 di

108 1037 187 1108 porte
197 1025 309 1096 diSua
323 1029 460 1097 Santitei
470 1031 504 1096 la
516 1032 595 1116 qual
606 1032 771 1117 potrebbe
779 1031 977 1098 trattenerlo
991 1053 1040 1097 un
1055 1051 1143 1117 poco
1154 1029 1190 1095 di
1203 1041 1317 1116 tempo

109 1139 155 1223 pid
168 1143 253 1228 dagl'
271 1143 363 1226 altri,
382 1143 471 1224 cioe,
489 1147 600 1212 uoltar
615 1145 641 1211 il
656 1145 900 1229 cathechismo,
918 1149 983 1214 che
997 1148 1049 1212 s'e
1065 1147 1151 1212 fatto
1165 1146 1316 1214 secondo

109 1256 126 1320 l’
139 1257 246 1327 ordine
260 1260 319 1328 del
335 1259 497 1343 concilio,
511 1262 554 1328 de
569 1260 675 1328 latino
687 1260 722 1326 in
739 1263 880 1329 tudesco
897 1263 921 1326 '.
938 1263 984 1330 Se
995 1282 1060 1347 pur
1075 1259 1103 1328 si
1117 1265 1253 1328 trouari
1270 1283 1315 1327 un

106 1372 176 1438 atrro
186 1376 247 1440 che
258 1375 294 1441 lo
306 1397 411 1462 possa
423 1378 490 1443 ben
503 1376 586 1457 fare,
604 1387 721 1443 nostro
734 1378 845 1444 Padre
858 1379 984 1445 hauerir
997 1379 1100 1443 charo
1112 1379 1175 1444 che
1188 1376 1236 1443 lui
1248 1398 1317 1443 non

109 1487 184 1554 resti.

161 1621 188 1686 4.
235 1607 326 1673 Mro.
346 1606 463 1673 Pietro
478 1607 503 1688 ³,
528 1606 742 1688 louaniense,
761 1629 821 1692 per
842 1628 937 1674 esser
957 1618 1047 1674 stato
1065 1607 1192 1674 lectore
1208 1606 1243 1673 in
1261 1609 1317 1673 In·

107 1719 268 1802 gotstadio,
287 1725 309 1788 e
326 1723 395 1789 ben
410 1721 611 1788 conosciuto
626 1722 661 1787 di
676 1723 720 1789 121.
739 1722 818 1788 Non
839 1724 942 1789 fanno
958 1744 1019 1809 per
1038 1721 1086 1788 lui
1103 1722 1205 1808 studij
1225 1721 1318 1788 sutili

108 1835 167 1900 ala
189 1835 306 1923 longa:
336 1839 420 1924 pero
446 1836 476 1904 si
503 1837 674 1918 rimanda,
702 1837 799 1905 accio
820 1859 920 1906 serua
947 1837 983 1904 in
1010 1839 1151 1924 leggere
1172 1839 1317 1922 qualche

109 1948 195 2017 elase.

165 2082 192 2147 5.
239 2071 328 2136 Mro.
343 2069 487 2157 Jacobo,
510 2068 662 2156 spirense
689 2063 754 2149 ’,ὲ
780 2090 828 2134 un
849 2069 941 2134 buon
962 2067 1123 2155 giouane,
1146 2078 1180 2136 et
1208 2089 1317 2152 quan—

110 2187 220 2264 tunque
234 2182 286 2250 sia
301 2185 393 2252 della
409 2181 579 2269 prouintia
590 2184 645 2250 del
658 2185 795 2264 Rhen0,
810 2187 907 2269 potrd
922 2204 1007 2269 pure
1023 2182 1216 2251 trattenersi
1228 2183 1317 2248 nella

110 2296 243 2378 superior
257 2299 447 2366 Germania
462 2321 484 2365 o
504 2298 656 2381 Austria,
675 2298 704 2366 si
724 2301 800 2364 sarai
815 2298 873 2384 piri
888 2297 1090 2365 necessario.
1110 2299 1167 2365 Ha
1181 2297 1278 2364 finito
1293 2297 1317 2363 il

111 2427 162 2474 suo
174 2431 279 2494 corso,
299 2423 334 2481 et
357 2417 455 2500 pot-ri
474 2414 595 2504 legger
614 2413 759 2498 qualche
779 2415 888 2480 classe
907 2412 941 2479 di
962 2413 1160 2500 gramatice,
1184 2435 1204 2479 o
1226 2415 1316 2480 forse

112 2522 277 2608 humaniti,
295 2539 331 2596 et
347 2529 485 2596 emolto
500 2529 593 2596 buon
603 2529 762 2616 giouane.

164 2641 192 2706 6.
237 2647 391 2725 Matheo,
409 2645 567 2728 tudeseo,
585 2653 638 2711 sta
665 2645 698 2710 al
724 2655 881 2730 presente
907 2643 942 2711 in
963 2645 1069 2712 Sacer
1089 2645 1263 2731 leggendo
1283 2644 1316 2710 la

113 2753 200 2836 pn'ma
211 2759 332 2840 classe,
346 2762 412 2826 che
423 2761 470 2826 l'a
481 2769 616 2826 menato
628 2757 662 2825 di
674 2759 708 2825 li
719 2758 742 2824 il
756 2761 796 2826 P.
811 2758 969 2841 Vittoria,
979 2770 1013 2825 et
1024 2762 1044 2826 e
1057 2781 1155 2845 parso
1168 2782 1188 2826 a
1200 2771 1316 2826 nostro

116 2867 206 2938 Padre
220 2873 248 2940 si
264 2873 380 2941 mandi
397 2873 433 2940 in
452 2873 638 2942 Germania
654 2875 743 2941 nella
757 2884 853 2960 parte
869 2876 933 2942 che
948 2878 1067 2960 parere
1082 2896 1102 2940 a
1123 2876 1167 2941 V.
1190 2877 1233 2941 R.
1251 2873 1316 2942 Lui

114 2980 187 3052 edel
200 2989 324 3055 humor
334 2992 399 3056 che
411 3011 449 3056 sa
465 2992 508 3057 V.
529 2992 585 3070 R.,
604 3010 660 3056 ma
678 2989 804 3055 dicono
819 2990 884 3056 che
899 2991 918 3055 ἐ
935 2988 1099 3056 uirtuoso.

167 3117 194 3181 7.
239 3104 307 3171 Dei
317 3105 432 3172 dottor
444 3105 613 3173 Strobelio
627 3107 651 3184 ⁸,
666 3107 731 3170 che
743 3107 842 3170 uerri
850 3103 886 3170 di
899 3103 1031 3185 Prusia,
1045 3105 1232 3171 solamente
1244 3103 1317 3170 diro

114 3213 284 3288 chescriue
309 3218 334 3284 il
355 3221 396 3286 P.
425 3219 550 3288 Sunier
576 3220 740 3306 potrebbe
768 3219 877 3286 seruir
903 3219 938 3284 di
965 3231 1091 3286 mastro
1117 3220 1151 3286 di
1179 3219 1313 3304 nouitij.

114 3325 148 3393 V.
162 3331 198 3397 R.
214 3336 247 3400 lo
264 3337 391 3404 uederir
406 3335 545 3422 meglio,
563 3356 600 3402 se
616 3337 715 3401 uerri
730 3334 766 3400 in
781 3335 922 3402 Austria
937 3357 958 3403 o
974 3337 1099 3423 Praga,
1119 3334 1317 3402 trouandosi

116 3441 149 3509 V.
164 3449 201 3514 R.
218 3450 251 3516 di
266 3453 311 3517 lai.

168 3563 196 3630 8.
240 3567 426 3653 Voliango,
440 3568 599 3648 bohemo,
618 3566 647 3632 si
666 3566 735 3653 pud
756 3565 857 3632 etiam
873 3566 1033 3632 mandare
1048 3566 1082 3632 di
1099 3568 1220 3647 Roma,
1238 3586 1317 3652 per·

114 3676 209 3746 chela
223 3681 395 3769 theologia
409 3680 614 3749 scholastica
629 3704 699 3748 non
715 3682 749 3748 fa
764 3692 862 3768 tropo
874 3703 933 3768 per
950 3680 1008 3748 lui.
1024 3683 1080 3748 Ha
1096 3703 1143 3746 un
1159 3702 1246 3768 poco
1263 3679 1318 3746 del

120 3843 307 3861 Ἂ-

162 3939 169 3970 ¹
201 3939 360 4011 Gregorius
373 3940 533 3996 Roseffius.

160 4029 170 4059 ¹
201 4029 273 4085 Vide
286 4029 489 4098 Seccffltum,
506 4032 563 4085 loc.
578 4028 647 4096 cit.,
661 4029 715 4085 lib.
732 4029 772 4096 11,
785 4046 815 4083 n.
829 4029 857 4083 6.
1004 4030 1016 4061 ³
1053 4027 1129 4096 Vide
1142 4027 1233 4100 epist.
1249 4039 1316 4098 425.

160 4117 170 4148 ⁸
200 4119 231 4174 ln
242 4123 377 4192 catalogo
390 4118 559 4192 provinciae
571 4119 678 4187 Rheni,
692 4135 769 4174 anno
784 4118 863 4189 1567,
876 4119 933 4175 sub
945 4119 1000 4174 hoc
1014 4117 1099 4174 titulo
1110 4119 1171 4173 «Ex
1181 4117 1246 4173 aliis
1256 4133 1320 4190 pro·

119 4200 200 4262 mnis
211 4208 245 4264 ad
256 4209 331 4265 hanc
349 4209 450 4266 missin
468 4208 546 4264 inter
562 4208 636 4264 alios
655 4207 800 4280 reperitur
817 4205 966 4280 «Jacobus
983 4207 1156 4281 spirensis».
1173 4207 1256 4263 Illius
1273 4223 1321 4262 oo·

117 4303 223 4357 gnomen
235 4299 390 4354 omittitur.

159 4385 169 4416 ¹
198 4386 241 4442 De
253 4388 302 4443 illo
314 4386 435 4459 saepius
451 4385 580 4442 diximus
599 4385 630 4442 in
647 4385 746 4458 Epist.
766 4385 883 4450 Natat„
897 4385 937 4454 11,
951 4393 981 4440 et
998 4384 1028 4439 in
1041 4386 1095 4441 hoc
1113 4385 1272 4441 volumine.
1287 4387 1321 4442 In

118 4474 230 4546 catalogo
245 4486 391 4533 rectorum
408 4476 526 4548 collegii
543 4475 821 4547 braunsbergensis,
834 4474 914 4531 edito
931 4477 969 4529 ab
987 4475 1118 4548 Hieme,
1134 4475 1164 4530 in
1181 4476 1321 4532 Historia

118 4555 237 4620 literaria
249 4569 438 4640 episcopatus
457 4565 645 4621 Varmiensis
657 4566 874 4636 (Brunsbergae
887 4573 918 4619 et
931 4563 1058 4636 Lipsiae,
1075 4563 1165 4635 1873),
1178 4581 1244 4638 pag.
1260 4563 1321 4635 163,

121 4647 210 4715 primus
220 4665 312 4711 rector
325 4655 446 4729 ponitur
459 4654 704 4728 «Christophorus
721 4653 839 4710 Strobel
851 4655 934 4723 (1565
947 4683 957 4694 ·
973 4653 1084 4723 1566)r.
1106 4655 1323 4712 Rostowsxt·

124 4734 278 4818 Humor,
290 4747 349 4804 loc.
362 4745 434 4815 eit.,
444 4761 514 4819 pag.
529 4757 594 4814 410.
