3482 5386
681 489 846 545 Aeeauntx
1282 491 1337 548 813

112 642 236 708 tratri
272 642 308 708 111
329 642 469 710 Christo
489 642 691 709 charissimo
717 653 752 709 et
778 645 989 710 honorando.
1019 645 1101 710 Atia
1127 665 1247 710 muru:
1274 647 1371 736 1569.

114 731 356 908 ξίῆὲΙῑΞξητςὴ.
394 731 555 798 Cardinal
589 731 801 800 warmiense.
844 749 879 799 11
912 732 947 798 di
977 733 1133 820 Giugno
1166 735 1286 822 Sigitti
1314 757 1372 801 ve-

695 991 822 1060 LXXII

550 1123 584 1177 B.
603 1122 759 1180 PETRUS
778 1123 964 1182 CANISIUS

421 1258 581 1307 ancTo
617 1260 851 1308 annctsco
886 1262 938 1308 nu
973 1260 1103 1323 30an

512 1371 686 1459 Dilingae,
704 1390 746 1457 23
757 1371 852 1461 Junii
872 1375 956 1462 1569
975 1377 996 1439 ¹.

116 1506 266 1562 Natalis
294 1507 444 1561 “utentia
472 1505 646 1576 exquiritur
678 1505 714 1560 de
742 1505 865 1560 edendis
892 1507 925 1560 tn
955 1506 1056 1561 eodem
1087 1505 1163 1560 libro
1194 1503 1313 1561 Caninii
1341 1511 1370 1561 et

162 1595 334 1651 Turriani
355 1594 543 1649 tractatibus.
566 1594 698 1650 Litteras
719 1593 836 1650 indicas
858 1594 918 1649 cito
937 1595 1052 1650 1111801111
1072 1599 1100 1650 et
1118 1595 1206 1667 prelo
1223 1595 1373 1650 committi

159 1689 311 1758 exoptat.

271 1801 309 1870 Si
326 1799 407 1868 velit
422 1799 544 1866 excudi
560 1799 724 1885 reliquam
746 1811 876 1886 partem
898 1801 933 1867 in
953 1800 1126 1868 centurias
1146 1811 1299 1886 paratam
1323 1803 1367 1868 de

124 1889 263 1980 primis
278 1889 509 1976 pontificibus
528 1890 674 1957 fortasse
688 1888 883 1956 consultum
901 1889 1013 1970 tuerit,
1029 1899 1067 1956 ut
1081 1912 1158 1957 meo
1173 1889 1299 1976 scripto
1311 1889 1367 1956 illa

127 1980 417 2066 conjungantur,
441 1988 559 2062 utpote
579 1998 657 2044 cum
678 1978 721 2043 ad
744 1979 901 2046 eumdem
925 1979 1027 2044 finem
1052 1978 1231 2047 tendamus
1255 1980 1280 2044 ¹.
1305 1977 1366 2048 Sin

129 2069 279 2135 mavult
293 2089 335 2135 ea
350 2065 530 2154 separatim
546 2066 613 2146 edi,
632 2065 751 2132 dubito
765 2088 848 2132 sane
863 2089 907 2134 an
924 2067 1024 2133 facile
1044 2066 1088 2133 sit
1112 2068 1201 2153 apud
1225 2088 1290 2133 nos
1311 2077 1367 2152 ty-

130 2158 361 2244 pographum
379 2155 594 2222 inventurus,
612 2155 682 2224 Sed
694 2154 821 2222 rectius
832 2156 875 2223 de
887 2155 940 2222 his
955 2158 993 2222 P.
1011 2155 1141 2222 Natalis
1154 2167 1189 2221 et
1200 2158 1261 2223 Dr.
1277 2157 1363 2222 Tur·

132 2246 265 2313 rianus
276 2243 517 2328 judicaverint,
535 2265 623 2328 quos
638 2243 756 2310 ambos
772 2243 807 2309 in
822 2245 958 2311 Christo
974 2256 1169 2312 reverenter
1184 2246 1305 2310 salute.

209 2333 446 2424 Tardiusthoc
468 2331 673 2398 Turrianum
694 2353 780 2418 opus
795 2332 919 2418 prodit,
942 2332 1104 2417 quoniam
1126 2333 1219 2399 brevi
1240 2332 1366 2398 abhinc

132 2434 300 2510 tempore
316 2421 457 2488 missum
474 2422 517 2486 ad
533 2442 596 2486 nos
611 2432 664 2486 est
679 2421 881 2507 Antuerpia,
906 2421 965 2486 ubi
985 2421 1121 2488 cunctis
1141 2421 1257 2487 insciis
1279 2420 1360 2488 deli-

131 2512 207 2580 tuit
226 2512 298 2578 diu.
317 2511 488 2578 Dominus
499 2512 601 2597 Jesus
618 2509 806 2576 nobiscum.

208 2599 359 2668 Litteras
375 2599 505 2665 indicas
520 2599 624 2664 latine
640 2619 755 2666 versas
772 2597 826 2664 hie
838 2597 983 2663 aedituri
996 2598 1181 2678 fueramus,
1196 2598 1256 2663 sed
1267 2617 1366 2683 repe-

134 2689 193 2755 tiit
211 2711 273 2758 eas
290 2691 331 2756 Ρ.
349 2687 491 2767 Natalis,
510 2687 712 2772 promittens
728 2685 888 2771 majorem
904 2686 1116 2774 diligentiam
1133 2686 1168 2754 in
1188 2685 1365 2770 corrigen-

132 2778 196 2844 do.
220 2779 339 2863 Quare
353 2778 504 2856 mandet,
527 2797 667 2860 quaeso,
689 2778 731 2845 P.
752 2778 809 2856 Τ.,
832 2786 871 2841 ut
891 2776 996 2844 semel
1020 2785 1055 2845 et
1078 2775 1146 2842 cito
1170 2775 1368 2842 absolvatur

133 2868 208 2933 hoc
226 2887 326 2953 opus,
343 2867 435 2950 quod
446 2865 517 2950 jam
533 2865 638 2934 latine
654 2874 812 2951 coeptum
829 2875 881 2933 est
897 2864 1019 2932 excudi
1040 2873 1074 2932 et
1098 2863 1229 2945 recudi,
1252 2884 1367 2947 neque

135 2954 304 3044 a-paucis
319 2955 542 3022 desideratur.

687 3122 829 3189 LXXIII

544 3256 578 3308 B.
599 3253 752 3310 PETRUS
770 3253 956 3310 CANISIUS

416 3393 576 3440 ancTO
612 3390 846 3438 FRANCISCO
881 3391 933 3436 DE
968 3389 1100 3450 BORJA

476 3509 669 3593 Augustae,
685 3523 727 3592 29
740 3502 900 3572 Octobris
916 3505 1000 3590 1569
1013 3505 1045 3607 ’.Ι

139 3642 191 3700 De
204 3642 283 3697 libro
295 3641 424 3696 doctoris
440 3640 547 3694 Torres
558 3639 744 3694 emendando
756 3637 890 3692 rationes
903 3635 1010 3692 Natali
1022 3635 1133 3690 allatas
1143 3640 1368 3690 commemorat.

275 3759 448 3825 Admonet
463 3757 553 3823 idem
570 3757 609 3820 P.
628 3753 816 3821 Turrianus
832 3762 871 3819 ut
888 3751 1055 3838 prioribus
1071 3749 1165 3816 libris
1181 3752 1225 3817 de
1237 3749 1368 3816 hierar-

146 3848 249 3915 chica
273 3845 485 3914 ordinatione
505 3843 640 3930 scriptis
660 3843 780 3910 tertius
800 3843 844 3910 de
866 3841 1033 3908 sacrificio
1055 3841 1273 3926 adjungatur.
1300 3841 1369 3906 Re-

199 4045 207 4077 ¹
247 4045 291 4098 Ex
304 4043 471 4116 apographo
483 4040 604 4108 recenti,
624 4038 709 4095 nobis
725 4038 906 4094 transmisso.
927 4036 1003 4092 Vide
1020 4037 1106 4109 epist.
1126 4047 1189 4105 510,
1209 4055 1237 4092 n.
1256 4047 1284 4105 73
1303 4047 1368 4107 512,

140 4151 172 4188 n.
188 4147 216 4204 53
230 4145 293 4202 515,
307 4151 336 4188 n.
351 4131 378 4200 6;
393 4143 456 4199 517,
470 4131 541 4197 11.6;
555 4141 618 4199 5193
632 4137 663 4184 et
675 4127 738 4198 534,
752 4147 781 4184 11.
796 4141 822 4183 2.
835 4129 881 4182 De
892 4126 999 4182 litteris
1010 4125 1115 4182 indicis
1125 4125 1193 4181 vide
1204 4124 1290 4197 epist.
1303 4123 1367 4194 365,

142 4217 775 4292 mummummnmmnm

192 4317 204 4348 ⁸
242 4313 287 4367 De
301 4312 383 4366 libris
396 4307 508 4367 Canisii
517 4317 618 4364 eontra
627 4307 838 4363 centuriatores
848 4306 886 4360 cf.
903 4304 1369 4374 Soununvoonr,13ibziotteque

141 4403 177 4457 de
191 4401 223 4457 la
239 4399 274 4456 G.
292 4399 381 4472 ueJ,
394 4401 434 4469 11,
448 4397 576 4468 673·675;
590 4405 621 4451 et
634 4397 771 4467 Mtcflut,
794 4397 845 4449 Vie
857 4396 901 4449 du
918 4394 1130 4448 Bienbeureux
1150 4393 1258 4447 Pierre
1278 4391 1369 4447 Cuni-

141 4492 217 4564 sius,
231 4491 284 4547 lib.
302 4491 339 4555 V,
353 4507 419 4562 cap.
438 4501 468 4557 5.

198 4581 210 4614 ³
246 4581 290 4636 Ex
308 4579 498 4650 autographo,
517 4576 546 4632 in
565 4575 662 4648 Epist.
683 4572 812 4640 Cantsii,
831 4572 869 4636 II,
889 4583 951 4641 241.
971 4570 1047 4626 Vide
1064 4569 1188 4643 append.
1204 4570 1322 4638 LXXII,
1338 4578 1369 4626 et

146 4669 284 4742 epistolas
297 4667 338 4723 ibi
352 4668 502 4738 allegatas.
