3322 5370
518 525 555 565 20
573 511 747 566 Faaaunmr
767 512 835 582 1567
1201 497 1257 584 373¹

74 667 104 724 et
117 660 309 726 necessaria.
329 661 376 728 Al
393 661 581 750 viscaglino
600 665 607 696 ¹
624 662 692 730 Dio
708 664 731 728 l'
748 662 844 746 aiuti,
862 685 900 733 se
915 685 980 752 pur
994 667 1026 746 ἐ;
1048 677 1084 733 et
1104 687 1141 734 se
1161 687 1231 732 non
1250 669 1283 747 e,

78 771 94 834 l'
107 771 180 838 aiuti
194 796 215 841 a
228 777 294 844 che
310 786 328 820 ⁸
347 777 398 844 sia
414 779 493 862 quel
509 780 574 846 che
590 781 610 845 e
626 779 651 846 ¹.
671 779 837 848 Desidere
849 785 974 861 tomen,
987 781 1111 860 Padre‚
1126 783 1191 848 che
1208 780 1237 847 si
1254 783 1286 860 e,

78 909 133 953 uon
142 886 189 954 sia
203 911 308 958 senza
323 913 494 961 consenso
513 895 557 961 de
580 895 743 980 Raphael·
758 897 783 960 ³:
813 905 962 964 staremo
988 917 1009 962 a
1035 897 1152 963 veder’
1170 896 1287 981 quello

76 1005 129 1068 che
142 1003 164 1068 il
177 1005 326 1092 Signore
337 1009 538 1094 prouedera.
558 1010 607 1078 La
620 1012 660 1076 Ρ.
680 1011 724 1076 V.
742 1009 771 1076 si
788 1009 959 1078 ricordara
974 1011 1008 1077 di
1025 1011 1214 1077 mandarmi
1233 1011 1289 1077 in-

80 1117 295 1188 formationea
317 1132 443 1209 tempo,
461 1123 496 1189 di
524 1125 637 1209 quello
663 1128 726 1192 che
743 1128 787 1192 ho
807 1125 852 1192 da
871 1128 943 1194 fare
958 1147 1025 1193 con
1052 1126 1165 1212 questi
1186 1127 1288 1194 amici

78 1232 166 1298 nostri
177 1237 242 1303 che
253 1238 372 1304 hanno
383 1259 403 1304 a
414 1238 532 1307 venire
544 1239 569 1306 ⁴.
581 1240 721 1325 Quanto
734 1240 765 1306 al
777 1250 880 1320 resto,
891 1241 1001 1308 ecosa
1013 1243 1144 1327 grande
1157 1253 1287 1326 quanto

76 1345 111 1410 mi
123 1347 212 1416 siano
227 1351 369 1438 aguzati
381 1350 405 1418 li
420 1353 525 1434 denti,
544 1365 579 1422 et
592 1354 704 1421 uorrei
718 1375 868 1441 aguzare
883 1354 987 1440 quelli
1002 1355 1037 1421 di
1053 1357 1085 1422 la
1106 1379 1167 1442 per
1187 1378 1288 1424 man-

75 1460 146 1546 giar'
161 1466 267 1532 molto
284 1489 374 1552 pane
389 1467 432 1534 de
448 1469 549 1553 quell'
566 1469 652 1536 altro
664 1469 775 1536 amico
787 1472 852 1538 che
863 1469 962 1538 vieno
979 1473 1118 1538 aRoma
1135 1473 1159 1538 ⁵.
1175 1473 1288 1540 Senza

75 1577 162 1644 dubio
177 1582 333 1666 Raphael
359 1584 432 1649 fara
459 1585 604 1668 qualche
624 1606 710 1670 gran
726 1605 807 1651 cosa
830 1606 895 1653 con
916 1584 977 1668 lui,
998 1607 1068 1652 non
1091 1587 1165 1652 solo
1179 1607 1239 1672 per
1255 1587 1288 1652 la

80 1690 183 1761 lamilia
207 1696 251 1762 de
273 1697 415 1765 Bastian
435 1700 461 1778 ⁰,
484 1719 538 1764 ma
563 1701 712 1767 anchora
729 1721 788 1785 per
804 1700 836 1766 la
851 1699 1027 1785 prouincia
1054 1701 1109 1766 del
1124 1699 1288 1786 maglior-

78 1808 142 1873 chin
157 1813 179 1878 ².
197 1813 241 1878 Et
258 1822 384 1898 questo
398 1823 528 1898 quanto
543 1837 564 1880 a
579 1815 690 1898 quella
708 1815 752 1880 de
768 1833 823 1882 22.

132 1927 161 1992 6.
206 1927 278 1994 All’
298 1927 429 1994 ultima.
448 1928 537 1996 Delli
555 1929 652 2015 punti
669 1933 733 1996 che
748 1929 783 1995 di
799 1929 857 2016 piri
873 1932 917 1998 ha
932 1929 1041 1996 notati
1056 1931 1089 1997 la
1110 1932 1149 1997 Ρ.
1169 1931 1213 1997 V.
1233 1930 1290 1998 nel

80 2051 228 2110 mntratto
243 2043 289 2109 de
304 2043 457 2130 Dilinga,
472 2047 517 2110 m'
531 2047 666 2112 haueua
678 2043 736 2130 gia
751 2045 871 2112 scritto
883 2047 970 2113 Mro.
986 2044 1124 2113 Canisio
1140 2056 1174 2110 et
1189 2044 1212 2110 il
1225 2065 1288 2111 suo

82 2155 191 2224 fratello
202 2159 229 2240 ⁸,
243 2159 393 2226 dicendo
406 2161 537 2226 chame
550 2159 573 2225 li
589 2160 818 2239 mandauanO,
833 2170 868 2228 et
879 2181 947 2226 non
961 2159 984 2225 li
996 2162 1111 2226 hanno
1123 2157 1285 2226 mandati.

81 2270 287 2341 llmodesimo
302 2295 359 2341 me
374 2273 451 2342 dice
466 2274 499 2341 la
517 2278 556 2342 P.
576 2276 620 2343 V.
638 2275 728 2342 nella
744 2296 819 2356 sua,
837 2286 871 2342 et
887 2276 988 2342 credo
1005 2278 1032 2341 s'
1050 2276 1070 2342 e
1085 2275 1288 2341 smenticato

79 2385 106 2449 di
118 2387 273 2456 mandarli
289 2387 314 2454 il
331 2392 370 2455 P.
389 2389 502 2456 Gioan
517 2391 716 2458 Fernandez
728 2393 753 2458 ⁹.
773 2389 881 2459 Come
892 2390 916 2455 li
931 2391 1073 2471 hauerri,
1088 2389 1163 2456 diro
1179 2389 1202 2454 il
1219 2388 1288 2455 mio

83 2522 188 2584 parere,
205 2524 307 2572 come
323 2505 367 2571 V.
387 2507 428 2572 P.
448 2504 476 2571 si
494 2504 613 2573 rimete
629 2527 730 2574 ame.
751 2505 856 2574 Perii
876 2505 934 2571 doi
954 2503 1165 2592 philosophi,
1185 2505 1288 2571 sanno

82 2617 166 2684 molto
181 2640 266 2706 gran
283 2620 439 2687 instanza
454 2620 478 2686 li
493 2620 550 2687 doi
566 2621 705 2702 Canisii;
721 2631 755 2689 et
773 2621 970 2700 realmente,
990 2621 1111 2699 Padre,
1130 2641 1215 2686 sono
1228 2640 1286 2686 ne·

83 2733 209 2800 cessarii.
227 2736 279 2802 La
297 2737 336 2802 P.
357 2736 417 2814 V.‚
442 2735 566 2818 Padre,
584 2756 645 2821 per
660 2756 754 2802 amor
775 2736 819 2804 de
839 2734 906 2802 Dio
925 2735 1086 2828 prqueda.
1107 2737 1247 2820 Quanto
1267 2757 1288 2801 a

85 2845 252 2934 Herbipoli‚
274 2853 321 2917 ho
344 2849 500 2918 dubitato
521 2849 554 2917 io
568 2873 606 2918 se
622 2850 645 2916 il
665 2853 705 2917 Ρ.
730 2849 868 2918 Canisio
884 2851 1089 2930 andarebbe,
1107 2871 1167 2936 per
1187 2849 1210 2915 li
1227 2871 1287 2917 ru-

85 2963 151 3028 mori
164 2967 225 3033 che
236 2965 267 3032 ci
280 2987 367 3032 sono
378 2965 413 3032 di
425 2987 550 3064 guerra
561 2976 680 3032 contra
692 2967 714 3030 l'
730 2964 856 3032 inimici
868 2965 902 3030 di
920 2965 1032 3050 quella
1043 2965 1111 3033 cita
1123 2976 1157 3032 et
1169 2987 1283 3050 paese.

124 3151 137 3183 Ι
161 3143 354 3199 Emendatum
367 3160 384 3199 a
396 3142 466 3199 libr.
484 3145 622 3226 exaiulo
639 3145 702 3199 che.

84 3246 269 3261 ξ

124 3297 131 3328 ¹
163 3295 197 3349 P.
213 3295 361 3350 Antonius
375 3295 481 3365 Areon,
494 3294 544 3367 qui
556 3295 712 3350 uincainus
724 3293 842 3362 dicitur,
855 3294 989 3366 quamvis
1003 3293 1033 3350 in
1046 3295 1195 3366 provincia
1212 3294 1285 3352 Gui-

82 3395 188 3450 puzooae
200 3393 281 3438 ortus
294 3383 394 3468 fuerin
408 3401 475 3438 nam
489 3399 634 3437 vascones
648 3383 794 3437 interdum
808 3382 932 3438 vizcaini
946 3391 1161 3456 nuncupantur.

124 3469 134 3500 ¹
164 3471 195 3526 Id
207 3480 263 3542 est,
277 3473 303 3528 si
315 3471 396 3543 regis
408 3471 603 3528 confessarius
616 3475 669 3544 est,
685 3473 767 3526 Deus
781 3471 863 3526 illum
875 3471 1006 3542 adjuvet3
1020 3471 1045 3526 si
1059 3479 1157 3526 autem
1171 3477 1284 3528 nonest

82 3558 254 3617 coniemrius
267 3552 358 3632 regis,
373 3569 406 3618 ut
417 3560 457 3617 sit
469 3559 547 3634 quod
560 3568 617 3632 est,
631 3577 677 3616 sc.
695 3577 783 3616 verus
802 3567 833 3616 et
846 3559 995 3632 perfectus
1007 3560 1175 3631 religiosus,
1189 3578 1205 3615 a
1218 3562 1284 3616 Deo

84 3646 232 3717 adjuvetur.
1324 3634 1327 3644 ¹

127 3737 137 3769 ⁸
167 3738 284 3794 Scilicet
296 3737 456 3811 praepositi
467 3739 628 3810 generalis.
647 3738 722 3793 Vide
737 3737 834 3810 Epist.
854 3737 972 3806 Nolui„
990 3737 1030 3809 11,
1047 3736 1111 3810 324,
1129 3745 1233 3793 annot.
1248 3737 1279 3794 3.

129 3828 139 3860 ⁸
169 3828 228 3882 Rex
241 3845 284 3884 sc.
298 3826 459 3900 Hispaniae
471 3843 538 3882 cum
551 3809 615 3898 ejtis
628 3827 717 3882 curia.

128 3913 138 3946 ⁸
169 3917 222 3972 Hic
233 3919 307 3974 alter
319 3916 444 3987 Borgiae
456 3917 568 3972 amicus
581 3923 643 3970 erat
663 3915 853 3987 proculdubio
870 3916 1110 3971 Bartholomaeus
1128 3915 1282 3980 Carranza,

87 4004 298 4077 archiepiscopus
311 4007 471 4074 toletanus,
482 4004 543 4078 qui,
558 4012 660 4076 utpote
673 4004 846 4075 ditissimus,
860 4021 931 4077 opes
944 4021 1013 4060 suas
1022 4003 1052 4060 in
1061 4003 1179 4072 collegii
1192 4021 1284 4060 roma-

86 4090 268 4149 nisubsidium
280 4096 440 4151 collaturus
452 4095 634 4166 sperabatur.

126 4181 137 4215 ⁵
167 4182 198 4236 Id
210 4191 265 4251 est,
277 4199 328 4256 pro
341 4182 466 4254 collegio
479 4199 610 4247 romano,
621 4181 668 4237 cui
678 4190 813 4254 praeerat
827 4181 1019 4238 Sebastianus
1031 4181 1145 4249 Romal,
1159 4180 1285 4238 Ribade·

87 4267 430 4342 ueirasuperinteudente.

126 4361 136 4390 ⁷
166 4358 313 4416 Provincia
322 4361 372 4416 del
381 4361 579 4432 mollorqut'n,
588 4361 608 4417 i.
621 4379 647 4416 e.
658 4361 834 4417 Germaniae
845 4360 1105 4433 provinciae,quas
1115 4360 1149 4414 P.
1159 4359 1284 4427 Natalis,

87 4443 269 4516 majoricensis,
290 4467 361 4505 suas
382 4459 543 4522 nuncupat,
567 4457 722 4523 propterea
744 4449 822 4522 quod
844 4457 914 4504 tunc
936 4447 993 4504 sibi
1010 4448 1240 4522 commendatas,
1255 4457 1286 4503 et

87 4535 282 4608 omnitempore
295 4539 353 4594 sibi
363 4536 449 4594 valde
462 4539 564 4594 charas
577 4540 716 4594 habebat.

131 4623 142 4656 ⁸
172 4625 205 4682 P.
220 4627 426 4697 Theodoricus,
439 4636 536 4684 rector
549 4628 667 4699 collegii
680 4626 865 4699 dilingensis.

133 4713 145 4744 ⁹
174 4713 313 4774 Librarius
325 4717 422 4774 Patris
432 4717 591 4788 generalis.
