3318 5376
378 457 432 514 330
766 452 871 508 Eersr.
891 450 925 504 Ρ.
946 449 1150 521 Nauae-456

341 613 382 678 P.
399 613 500 677 Mtro.
516 608 653 692 Laynez
669 607 691 687 ¹,
707 605 839 673 benche
851 603 907 668 dal
919 621 1060 670 numero
1076 601 1112 668 di
1128 619 1171 684 70
1186 601 1235 668 lui
1246 599 1430 670 medesimo
1440 599 1559 667 sminui
1656 655 1657 660 ,

340 726 437 794 diece
452 745 512 810 per
527 722 560 790 le
576 719 767 788 fundationi
781 717 817 784 di
832 716 1029 799 Germaniae
1047 727 1082 786 et
1097 717 1131 785 io
1147 717 1234 786 sarei
1245 719 1288 784 de
1303 737 1433 803 parere,
1447 719 1511 785 che
1524 737 1559 785 se
1656 741 1657 744 ¹

340 864 385 910 ne
401 837 603 908 sminuisero
618 834 756 902 alchuni
771 833 843 919 piu,
857 831 1098 918 specialmente
1109 835 1234 920 perche
1251 853 1385 919 sempre
1399 854 1557 900 saremoa
1656 857 1657 860 ¹

341 969 457 1044 tempo
472 957 507 1021 d'
522 954 735 1040 augmentar'
749 950 773 1015 il
785 970 927 1016 numero
938 947 973 1014 in
987 949 1182 1029 Germania,
1196 949 1293 1014 modo
1304 948 1486 1015 habbiamo
1496 971 1557 1015 vna
1656 975 1657 978 ¹

341 1071 570 1141 conueniente
597 1066 797 1134 fundatione
823 1065 856 1131 ai
882 1062 1060 1150 principio,
1082 1065 1237 1131 almanco
1266 1084 1309 1130 ne
1331 1065 1558 1130 deterreamus

336 1189 548 1280 fundatores
559 1185 598 1250 io
613 1182 817 1263 Germania,
836 1180 925 1246 doue
941 1178 1133 1246 emiracolo
1144 1182 1209 1246 che
1223 1179 1365 1265 uoglino
1381 1181 1443 1246 far’
1459 1179 1558 1246 colie-

340 1305 407 1394 gij,
424 1314 460 1371 et
479 1303 560 1368 dare
581 1297 714 1367 rendite
734 1306 908 1383 perpetue.
932 1298 1073 1362 Passata
1100 1306 1221 1380 questa
1241 1295 1400 1381 prattica,
1418 1306 1559 1364 restamo

339 1419 437 1507 quasi
449 1415 584 1485 confusi
596 1415 632 1482 in
645 1423 735 1480 tutto
748 1410 772 1478 11
781 1408 921 1498 negotio
931 1409 1044 1478 insino
1055 1412 1121 1479 alla
1132 1409 1271 1490 matina,
1283 1413 1348 1477 che
1359 1410 1396 1476 fu
1409 1410 1433 1476 il
1445 1411 1559 1496 giorno

338 1536 375 1602 di
387 1537 459 1605 Sta.
475 1528 670 1600 Catharina.
686 1525 887 1596 Hauendosi
898 1525 933 1592 di
945 1525 1070 1611 partire
1082 1547 1141 1612 per
1152 1525 1236 1593 certi
1249 1526 1376 1612 negotij
1390 1527 1424 1591 d’
1439 1526 1559 1612 impor-

341 1661 443 1718 tanza
458 1647 482 1714 il
497 1643 713 1723 cancellari0,
726 1663 871 1709 venemo
888 1663 907 1708 a
923 1640 1007 1709 certi
1023 1640 1165 1724 articoii‚
1182 1639 1206 1707 11
1223 1641 1314 1725 quali
1329 1641 1358 1707 si
1373 1640 1515 1708 serisero
1529 1641 1560 1705 di

340 1767 454 1846 modu,
469 1765 533 1832 che
549 1764 577 1827 s'
595 1760 691 1827 offeri
706 1758 741 1825 di
757 1756 907 1843 compire
927 1755 1038 1823 insino
1058 1778 1078 1823 a
1098 1756 1188 1824 mille
1208 1756 1432 1841 cinquecento
1453 1755 1559 1823 fiorini

338 1878 513 1971 perpetui,
536 1877 782 1963 comprehenso
802 1873 826 1939 il
846 1872 1064 1953 monasterio,
1082 1872 1106 1938 il
1125 1873 1226 1959 quale
1246 1875 1274 1938 s’
1292 1875 1336 1938 ha
1355 1895 1376 1939 a
1396 1871 1559 1958 applicare

337 1999 600 2085 pertettamente
616 1992 682 2058 aila
702 1987 927 2076 Compagnia,
945 1987 1096 2056 secondo
1116 1987 1141 2053 11
1160 1989 1266 2056 breue
1287 1987 1342 2055 del
1362 2008 1471 2074 papa,
1491 1996 1525 2055 et
1538 1985 1558 2051 il

338 2112 496 2180 instituto
511 2109 547 2175 di
563 2107 687 2193 quella.
702 2106 746 2170 Et
757 2105 882 2191 perche
899 2105 1003 2169 none
1019 2104 1105 2169 altro
1121 2113 1255 2188 questo,
1270 2105 1334 2172 che
1346 2100 1511 2190 principio
1521 2103 1560 2170 de

341 2225 554 2305 fundatione,
571 2223 700 2290 secerno
711 2223 776 2286 che
789 2218 855 2285 susi
867 2228 1029 2285 contento
1041 2218 1065 2284 il
1077 2217 1290 2298 cancellario,
1305 2220 1370 2287 che
1381 2217 1405 2284 11
1416 2237 1559 2285 vescouo

341 2351 549 2431 promettese
564 2338 608 2403 de
623 2343 847 2422 augmentare
862 2335 895 2401 la
910 2333 1129 2415 fundatione,
1147 2339 1185 2400 ut
1206 2333 1389 2420 sottksfieret
1412 2335 1560 2399 instituto

340 2457 526 2535 Societotis,
543 2452 691 2520 secondo
707 2451 771 2517 che
786 2447 835 2515 lui
851 2451 987 2516 haueua
1002 2449 1128 2516 sentito
1139 2451 1183 2516 da
1194 2448 1264 2516 noi.
1279 2449 1459 2516 Voleuano
1474 2458 1560 2516 oerte
1656 2529 1657 2532 Ἴ

339 2576 426 2642 altre
442 2565 643 2656 obligationi
659 2566 702 2632 de
718 2574 868 2646 cantare,
891 2564 1030 2631 seriuer’
1048 2563 1138 2647 libri,
1155 2575 1190 2632 et
1205 2563 1407 2647 visitationi,
1426 2575 1462 2632 et
1478 2572 1560 2630 tutto
1656 2609 1657 2652 3

339 2690 393 2756 cio
409 2685 586 2754 leuasimo.
605 2684 649 2748 Et
663 2703 725 2768 per
742 2679 896 2747 facilitar’
914 2679 972 2766 piri
988 2689 1109 2764 questo
1129 2679 1307 2768 principi0‚
1324 2678 1558 2768 agiongesimo
1656 2671 1657 2674 '

338 2806 404 2873 che
415 2824 487 2868 non
499 2801 528 2866 si
538 2799 665 2866 daseno
677 2795 790 2862 lettori
801 2793 904 2861 insin'
918 2795 973 2860 ali'
982 2796 1128 2863 Ottobre
1138 2795 1217 2864 dell'
1227 2816 1317 2861 anno
1328 2796 1394 2862 che
1404 2793 1515 2877 viene,
1526 2804 1557 2860 et

338 2920 395 2989 all'
404 2923 488 2986 hora
499 2918 614 2983 fusero
623 2913 667 2978 de
679 2909 785 2977 nostri
799 2932 846 2976 un
858 2911 1019 2997 theologo
1027 2922 1063 2978 et
1072 2914 1131 2976 un'
1141 2910 1354 2997 philosopho,
1365 2921 1400 2980 et
1410 2932 1481 2977 non
1492 2909 1555 2989 doi,

339 3033 452 3102 insino
468 3031 525 3098 all'
538 3030 625 3096 altro
642 3047 731 3094 anno
747 3035 926 3110 sequente,
940 3037 974 3094 et
990 3028 1054 3093 che
1066 3047 1133 3092 non
1146 3025 1267 3094 dasero
1282 3025 1305 3091 li
1318 3025 1426 3092 nostri
1436 3025 1461 3091 l’
1476 3045 1559 3094 anno

338 3153 403 3218 che
419 3147 518 3214 viene
534 3152 677 3230 regente
694 3161 752 3226 per
767 3138 791 3205 li
807 3138 1003 3222 conuittori‚
1021 3151 1088 3208 etc.
1101 3150 1139 3221 ⁸,
1157 3151 1192 3208 et
1207 3143 1271 3208 che
1291 3141 1356 3208 aila
1372 3142 1556 3228 quadrage-

337 3265 423 3332 sima
435 3261 579 3331 uerrebe
587 3262 688 3325 Mtte.
704 3254 842 3323 Canisio
855 3276 915 3341 per
926 3255 1113 3341 predicare,
1128 3265 1162 3323 et
1175 3255 1266 3343 dipoi
1279 3256 1301 3322 li
1312 3259 1560 3325 succederebbe

336 3380 474 3449 alchun’
494 3377 591 3444 altro.
612 3371 735 3460 Questi
752 3369 884 3437 articoli
895 3373 1020 3438 furono
1032 3370 1102 3437 dati
1116 3373 1148 3438 ai
1159 3393 1308 3441 vescouo
1320 3372 1390 3440 etii
1402 3373 1559 3459 approbo.

337 3495 440 3582 Dipoi
457 3491 543 3581 parti
559 3491 583 3557 11
598 3485 800 3555 cancellario
816 3509 877 3572 per
891 3485 966 3553 suoi
983 3484 1127 3572 negotij,
1145 3497 1179 3555 et
1191 3486 1224 3555 io
1236 3510 1297 3574 per
1308 3490 1557 3572 Aschemburg,

337 3631 435 3679 come
450 3612 496 3676 ho
513 3606 630 3674 scritto
646 3614 681 3672 et
696 3601 781 3669 diro.
797 3604 902 3671 Reste
915 3605 1019 3670 Mtro.
1040 3603 1179 3670 Canisio
1190 3602 1406 3690 aspetandosi
1421 3605 1468 3672 ab
1483 3601 1557 3668 tutti

336 3725 405 3806 doi,
423 3728 488 3792 che
503 3724 696 3789 haueuamo
713 3741 733 3784 a
749 3717 914 3785 ritornare
930 3719 973 3784 ad
989 3722 1048 3784 un'
1066 3727 1198 3805 tempo:
1216 3719 1252 3785 in
1268 3728 1390 3804 questo
1405 3740 1520 3794 mezzo
1534 3717 1555 3781 il

336 3843 378 3909 P.
397 3838 536 3907 Canisio
553 3838 626 3904 fece
645 3834 713 3902 due
730 3833 901 3921 prediche,
915 3855 982 3900 vna
997 3832 1033 3900 in
1045 3836 1196 3915 castello,
1210 3836 1233 3900 l’
1248 3836 1334 3902 altra
1345 3835 1434 3904 nella
1446 3833 1555 3900 chiesa

336 3954 525 4042 maggiore,
544 3961 578 4020 et
594 3950 631 4015 fu
647 3958 864 4018 accarezzato
885 3959 920 4015 et
939 3947 1085 4016 inuitato
1106 3951 1162 4016 dal
1182 3949 1365 4037 preposito.
1383 3951 1556 4017 Ritomato

336 4071 369 4137 io
384 4070 420 4137 in
436 4064 626 4154 Herbipoli,
643 4075 679 4132 et
695 4064 839 4132 essendo
854 4074 991 4150 passato
1007 4064 1030 4129 il
1043 4074 1169 4151 tempo,
1187 4067 1244 4133 nel
1256 4065 1357 4150 quale
1369 4067 1502 4136 haueua
1516 4065 1556 4130 da

338 4192 550 4205 ’.ι-

387 4257 404 4291 ⁸
431 4244 593 4318 Sequentia
606 4259 700 4315 usque
713 4241 751 4297 ud
763 4242 968 4297 alchun'altro
981 4242 1053 4298 inci.
1070 4240 1169 4298 addita
1183 4241 1295 4298 suntin
1312 4259 1405 4315 marg.
1425 4243 1558 4300 ((1101.-

333 4337 444 4392 bHeec
457 4333 600 4408 particula
612 4349 700 4404 supra
712 4348 795 4387 vers.
812 4329 911 4386 addita
924 4339 971 4386 est
987 4349 1004 4385 a
1017 4331 1087 4387 libr.

385 4489 394 4522 ¹
432 4487 481 4546 Cf.
499 4493 598 4542 nostra
612 4485 811 4541 Monumenta
819 4485 1044 4558 paedagogica,
1059 4500 1149 4557 pagg.
1166 4496 1260 4555 49-51;
1276 4493 1307 4540 et
1319 4485 1494 4541 [nstitutum
1508 4483 1556 4540 So

329 4578 449 4634 eietatis
455 4577 542 4648 Jesu,
556 4573 596 4644 11,
611 4585 674 4642 2143
689 4581 720 4627 et
733 4571 796 4642 531,
810 4573 862 4628 ubi
874 4572 905 4628 in
918 4588 1030 4628 canone
1042 4573 1061 4626 6
1073 4573 1221 4630 secundae
1236 4572 1471 4646 congregationis
1488 4572 1553 4628 alie·

330 4673 434 4739 gotum
446 4666 538 4720 habes
551 4666 606 4719 hoc
619 4662 716 4719 Lainii
730 4668 963 4717 mouumentum.
