3384 5382
581 547 617 588 πο
635 535 823 592 Dscsusms
844 535 914 606 1567
1277 551 1330 610 549

182 684 383 772 Inscriptio
399 689 438 754 in
453 695 579 774 quarta
590 689 742 776 pagina:
757 689 780 778 †
796 690 842 757 Al
855 690 961 757 molto
973 691 1060 758 Rd0.
1083 691 1194 760 Padre
1210 689 1245 756 in
1262 691 1365 758 Chri-

119 812 183 878 sto,
203 799 226 866 il
252 802 298 868 P.
323 804 430 870 Mtro.
449 803 588 884 Natale,
607 803 840 872 commissario
856 805 892 870 in
908 804 1094 872 Germania
1109 806 1198 874 della
1214 806 1363 890 Compar-⁷

119 913 200 1000 guia
215 914 252 980 di
267 917 399 984 Giesri.
418 919 456 983 ln
471 937 552 985 casa
567 919 648 984 delli
661 919 763 985 Padri
775 918 810 984 di
823 921 936 1005 quella
947 919 1174 1008 Compagnia.
1189 921 1362 988 Anuersa.

119 1030 155 1094 ln
167 1031 355 1099 Anuersa.
371 1035 440 1100 Pro
452 1043 532 1101 toto.
552 1034 635 1100 Alia
646 1055 767 1124 manu:
783 1035 828 1102 N.
842 1037 882 1102 P.
898 1052 937 1118 17
950 1035 1157 1104 Nouembris
1178 1037 1274 1119 1567.
1302 1039 1363 1102 Ve-

118 1145 269 1232 stigium
289 1149 419 1236 sigilli.

623 1271 627 1278 ’
706 1295 799 1361 soa

374 1408 378 1419 “
487 1424 519 1479 ε.
540 1424 790 1482 ananciscus
810 1425 863 1481 ou
881 1424 1009 1498 BORJA

392 1523 543 1590 PATRI
567 1525 892 1592 HIERONYMO
917 1525 1100 1593 NADAL

352 1719 355 1724 Ι
490 1649 611 1701 nouus,
632 1651 667 1692 20
686 1651 865 1695 nacsusms
886 1638 954 1708 1567
975 1642 996 1694 ¹.

123 1747 163 1804 De
173 1753 402 1824 promouendis
413 1755 456 1810 ad
467 1753 701 1826 professionem,
715 1757 763 1812 vel
780 1757 821 1810 ad
835 1757 973 1829 gradum
991 1755 1202 1827 coadjutorum
1215 1758 1360 1826 spiritua·

489 1844 567 1898 litim
580 1846 615 1899 in
623 1846 793 1916 provinciis
808 1843 1004 1901 Germaniae.

185 1959 293 2044 Jhus
312 1959 419 2025 Molto
435 1961 523 2026 Rdo.
543 1959 579 2026 in
594 1961 688 2045 Xpo.
709 1960 832 2027 Padre.
853 1964 927 2028 Pax
942 1960 1023 2046 Xpi.
1042 1971 1107 2052 etc.
1135 1962 1202 2027 Per
1222 1970 1360 2045 quattro

124 2069 246 2143 lettere
264 2077 333 2142 che
350 2073 408 2160 qui
423 2095 539 2142 uanno
555 2074 684 2142 drizate
703 2074 760 2142 alli
781 2065 919 2160 quattro
939 2074 1135 2162 prouintiali
1158 2075 1193 2142 di
1213 2077 1361 2142 Germa-

125 2184 180 2253 nia
194 2188 221 2269 ²,
242 2191 375 2258 uedera
390 2191 430 2256 V.
449 2192 492 2256 R.
511 2191 624 2275 quello
639 2191 705 2258 che
721 2189 788 2258 cie
808 2212 910 2276 parso
932 2201 1061 2275 quanto
1081 2190 1148 2256 allo
1168 2202 1318 2260 accettar
1340 2214 1360 2257 a

125 2305 346 2386 professione
361 2328 383 2374 o
398 2328 460 2392 per
475 2305 669 2372 coadiutori
686 2305 852 2392 spirituali
868 2307 901 2373 le
915 2327 1063 2394 persone
1078 2306 1113 2372 in
1126 2307 1221 2374 dette
1237 2306 1359 2374 lettere

126 2418 315 2489 nominate.
334 2421 514 2502 Tuttaui'a‚
532 2421 725 2490 hauendole
741 2423 785 2488 V.
804 2425 846 2490 R.
868 2421 1002 2490 uisitata
1023 2443 1113 2509 poco
1136 2422 1180 2502 fa,
1204 2443 1242 2489 se
1258 2421 1281 2486 li
1298 2443 1360 2507 pa-

129 2534 210 2600 ressi
227 2537 377 2620 qualche
393 2558 474 2604 cosa
489 2535 669 2604 differente
685 2536 775 2605 circa
791 2538 916 2603 alcuno
931 2537 966 2603 di
981 2537 1106 2622 questi,
1128 2539 1226 2623 potra
1247 2536 1360 2602 auisar

129 2648 158 2711 al
172 2650 369 2734 prouincial
385 2672 462 2733 su0,
477 2653 649 2738 suspende
660 2652 693 2718 la
705 2652 922 2721 assecutione
934 2653 968 2719 di
981 2652 1059 2738 quel
1073 2654 1137 2720 che
1149 2651 1182 2717 io
1194 2650 1219 2716 li
1231 2649 1357 2733 scriuo,

132 2761 240 2832 insino
257 2789 278 2833 a
295 2776 391 2834 tanto
406 2769 471 2834 che
488 2768 534 2833 V.
559 2769 601 2834 R.
621 2768 666 2834 mi
682 2769 740 2834 dia
755 2767 863 2848 auiso,
882 2778 917 2834 et
937 2768 970 2835 io
991 2767 1015 2833 li
1038 2779 1054 2811 ἃ
1074 2765 1163 2834 tomi
1186 2790 1206 2834 a
1229 2767 1360 2835 scriuer

131 2897 229 2965 sopra
244 2881 483 2950 il'medesimo
502 2885 545 2948 Et
566 2883 663 2969 potrit
685 2884 828 2949 mandat
849 2882 920 2949 cosi
934 2885 987 2976 ⁸ad
1007 2883 1162 2970 ogniuno
1180 2881 1260 2951 delli
1280 2903 1359 2968 pro-

136 2991 265 3063 uintiali
281 2998 314 3064 la
329 3019 393 3065 sua
408 2999 540 3078 lettera,
559 2997 724 3084 aggionta
744 2999 777 3064 la
798 2997 995 3083 ecceptione
1017 2997 1052 3064 di
1073 2999 1258 3082 qualcun0‚
1278 3019 1315 3064 se
1335 2997 1358 3062 li
1391 2994 1392 3001 ’

133 3112 257 3190 paressi
273 3112 399 3179 debbia
415 3091 645 3198 suspendersi.
665 3114 708 3178 Et
724 3114 851 3198 perche
867 3134 952 3180 sono
968 3113 1074 3178 molto
1090 3112 1191 3198 pochi
1213 3111 1357 3198 professi

133 3223 216 3292 nelle
231 3229 327 3322 dettc
342 3226 530 3313 prouincia,
549 3228 593 3295 V.
613 3229 654 3294 R.
672 3238 802 3311 quanto
817 3227 927 3313 prima
942 3227 965 3292 li
981 3227 1097 3293 mandi
1112 3227 1145 3295 le
1160 3226 1239 3308 mie,
1263 3226 1358 3291 accio

134 3321 275 3420 possano
293 3343 366 3410 fare
381 3341 507 3409 alcuni.
526 3343 571 3408 Et
587 3343 713 3428 perche
729 3343 763 3408 d'
787 3343 872 3411 altre
893 3364 972 3410 cose
994 3342 1023 3408 si
1047 3341 1160 3409 scrius
1182 3349 1357 3426 separata-

135 3468 255 3540 mente,
274 3459 465 3526 solamente
485 3457 559 3526 dirb
581 3460 648 3526 che
668 3457 700 3525 ci
721 3457 1015 3525 raecomandiamo
1036 3456 1117 3523 tutti
1139 3456 1245 3522 molto
1269 3456 1357 3523 nelle

137 3573 274 3640 orationi
301 3584 337 3642 et
360 3572 516 3659 sacrificij
541 3557 576 3639 di
601 3575 643 3642 V.
675 3576 716 3641 R.
740 3585 808 3641 etc.
830 3573 875 3641 Di
897 3575 1017 3655 Roma,
1040 3571 1064 3638 li
1085 3590 1128 3639 20
1151 3571 1186 3637 di
1208 3573 1357 3638 Decem-

136 3683 191 3754 bre
211 3691 306 3774 1567.
453 3762 458 3770 ,
1211 3689 1215 3696 “

197 3806 324 3873 Mucho
340 3825 396 3873 me
412 3805 552 3872 console
568 3827 633 3872 con
649 3805 700 3873 las
716 3816 829 3871 cartas
844 3804 889 3874 de
905 3805 948 3870 V.
969 3805 1025 3884 R.‚
1044 3824 1106 3889 por
1126 3824 1186 3869 ver
1210 3824 1250 3868 su
1271 3822 1354 3868 con-

139 3918 225 3986 suelo
240 3941 263 4005 y
278 3921 372 3988 buen
389 3917 514 3988 animo.
532 3923 690 4006 Despues
705 3920 911 4006 respondere
927 3925 999 3986 mas
1016 3941 1059 3987 en
1074 3917 1268 4005 particular.
1288 3919 1356 3985 Las

139 4076 343 4096 Ἢ.-

123 4221 130 4228 .
181 4184 196 4218 2
222 4177 287 4233 Hoc
302 4177 387 4234 verb.
397 4145 515 4233 'addidit'
527 4177 594 4234 libr.
605 4195 694 4250 supra
704 4193 783 4232 vers.

135 4301 335 4320 Q..—

179 4385 186 4417 ¹
221 4389 265 4443 Ex
279 4389 454 4463 archetypo,
467 4407 485 4446 a
497 4390 669 4446 Femandez
686 4397 816 4460 exarato,
831 4397 861 4444 et
878 4385 1004 4458 Borgiae
1022 4402 1110 4441 manu
1127 4384 1303 4458 subscripto,
1321 4385 1353 4442 in

137 4465 199 4531 Cot.
212 4491 259 4546 34,
277 4477 365 4534 unico
381 4477 447 4552 fob,
465 4493 519 4536 220
536 4477 604 4550 (73).
623 4480 736 4536 Ultima
753 4479 855 4535 verba:
874 4477 982 4532 Maelio
999 4493 1046 4531 me
1063 4475 1190 4546 console,
1207 4483 1265 4529 etc.
1284 4483 1354 4530 suut

137 4554 249 4638 Regiae
262 4583 351 4623 manu
364 4567 484 4641 scripta,

138 4649 190 4795 CO:
223 4654 330 4712 Petrus
341 4654 490 4724 Canisius,
506 4657 683 4714 Laurentius
701 4657 828 4728 Magius,
847 4655 995 4712 Antonius
1014 4653 1120 4722 Vinck,
1136 4660 1167 4708 et
1180 4650 1354 4709 Franciscus

187 4749 277 4799 tetus.
