3318 5376
497 521 529 563 ra
548 471 734 565 Daesiraars
755 509 824 580 1566
873 555 874 560 ,
1187 509 1238 566 331

75 661 167 729 Diosi
187 661 219 727 lo
233 659 396 727 conserui.
429 661 554 728 Carolo
582 661 744 730 Ursinob
771 672 899 729 restato
925 683 986 748 per
1012 661 1224 748 philosophia
1240 663 1278 729 in

77 776 256 863 ingolstadio
278 778 298 841 ¹.
317 777 344 842 ll
373 777 414 843 Ρ.
434 776 543 844 Mario
570 788 606 846 et
632 775 800 844 Giacomo
824 797 1000 863 genouese
1018 777 1054 844 in
1077 775 1275 859 Monachio,

78 895 95 956 l'
109 915 169 958 uno
182 915 239 979 per
258 901 406 959 maestro
432 893 476 960 de
501 890 644 977 nouicij,
674 894 696 958 l'
727 893 813 960 altro
840 915 901 979 per
920 914 985 960 suo
1006 891 1224 979 compagnio.
1248 895 1276 960 ll

80 1011 110 1074 11.
124 1008 278 1094 Gregorio
295 1009 306 1041 1
323 1029 386 1095 per
397 1007 574 1095 superiore
586 1018 621 1076 et
633 1007 845 1094 predicatore
856 1008 893 1074 in
905 1009 1079 1095 Augusta3
1094 1017 1129 1074 et
1146 1008 1277 1076 Mathia

79 1145 125 1207 per
142 1122 337 1191 coadiutore.
368 1121 615 1210 Christophoro
643 1122 851 1208 enipontano
878 1123 913 1190 in
930 1121 1111 1190 Monachio
1134 1143 1195 1210 per
1211 1125 1275 1190 far'

79 1237 248 1319 unaclassa
259 1239 294 1304 la
309 1235 365 1304 2.⁸
376 1237 412 1303 di
424 1237 659 1324 grammatica.
679 1240 781 1305 Mtro.
802 1237 917 1306 Pietro
928 1237 1126 1306 coloniense
1138 1239 1150 1272 1
1164 1237 1200 1303 in
1211 1237 1271 1305 Di-

77 1351 160 1437 linga,
175 1363 316 1420 maestro
344 1352 388 1419 de
415 1351 599 1420 humanita
630 1356 733 1421 Mtro.
763 1353 917 1440 Georgio
944 1354 970 1435 ⁴,
993 1353 1048 1420 del
1075 1354 1176 1438 quale
1196 1354 1225 1419 si
1242 1353 1276 1418 ia

77 1467 193 1554 dhegno
206 1490 263 1554 per
278 1467 471 1554 Herbipoli,
490 1489 528 1535 se
549 1489 618 1536 non
635 1467 664 1534 si
685 1469 755 1554 pub
771 1470 889 1537 hauer’
912 1470 998 1536 altro
1019 1478 1158 1548 rettore‚
1185 1479 1276 1538 resta

77 1580 101 1645 in
112 1581 232 1669 Dilinga
246 1583 519 1665 assercitandosi,
545 1595 643 1670 parte
662 1583 697 1649 in
720 1587 824 1654 esser'
842 1583 1010 1666 ministro,
1032 1594 1129 1671 parte
1149 1585 1185 1650 in
1200 1594 1275 1652 stu-

77 1697 141 1762 diar'
155 1697 319 1785 theologia
345 1720 474 1785 perse.
503 1700 675 1784 Questad
702 1699 736 1766 la
762 1699 1002 1767 distributione
1022 1702 1066 1768 de
1087 1699 1190 1786 quelli
1211 1702 1279 1768 che

79 1832 180 1880 uenuo
193 1814 227 1880 di
242 1816 363 1896 Roma,
386 1815 429 1882 de
449 1814 542 1901 quali
569 1814 707 1882 alchuni
730 1836 815 1882 sono
836 1813 1007 1901 designati
1028 1816 1084 1882 all’
1106 1835 1196 1882 anno
1212 1817 1279 1882 che

80 1927 154 1994 liene
166 1951 222 2015 per
235 1929 429 2018 Herhipoli,
448 1939 483 1996 et
498 1931 569 1997 cosi
585 1952 706 1998 sarano
721 1929 870 2000 alleuiati
886 1931 910 1996 11
930 1930 1077 2017 collegij,
1097 1931 1186 1998 doue
1202 1951 1275 1998 ser·

81 2039 173 2110 uirano
186 2047 294 2128 quest'
312 2065 404 2112 anno
414 2045 470 2112 dei
481 2045 607 2112 viatico
618 2046 662 2114 de
674 2047 792 2112 Roma.
807 2045 866 2113 Gli
878 2045 955 2112 altri
967 2044 1081 2112 viatici
1099 2044 1179 2111 tutti
1190 2065 1280 2112 sono

79 2155 241 2226 distribuiti.
260 2159 298 2230 Si
315 2163 412 2228 mutb
427 2161 493 2229 alla
507 2163 617 2230 classe
633 2161 668 2227 di
684 2160 854 2229 rhetorica
870 2161 905 2228 in
926 2161 1067 2248 Dilinga
1082 2161 1196 2246 quello
1211 2163 1278 2228 che

80 2293 120 2337 era
141 2275 336 2357 humanista,
367 2279 467 2344 Mtro.
499 2277 654 2344 Gerardo
681 2277 842 2345 cleuense
870 2279 895 2360 1,
926 2275 1115 2344 sufficiente
1143 2277 1280 2362 persar

80 2387 159 2452 solo·
175 2392 285 2475 quella
312 2391 435 2482 classe,
464 2392 497 2458 al
523 2393 635 2478 quale,
658 2412 755 2459 come
775 2393 823 2458 ho
844 2391 956 2472 detto,
982 2411 1142 2460 successe
1158 2389 1279 2458 Pietro

81 2501 247 2572 louaniense
262 2508 288 2588 ⁸3
307 2516 344 2575 et
359 2507 430 2572 cosi
448 2506 571 2574 turono
585 2505 718 2573 liberati
740 2507 828 2574 dalla
849 2507 958 2573 classe
978 2506 1013 2600 di
1033 2505 1202 2573 rhetorica
1218 2506 1275 2573 doi

80 2618 228 2688 rhenano
242 2623 278 2690 in
294 2623 408 2707 quella
428 2621 599 2709 occupati,
617 2622 691 2690 ciob
706 2621 731 2688 il
752 2624 791 2689 P.
816 2619 950 2690 Gioane
970 2643 1065 2702 saxo,
1089 2621 1112 2687 11
1129 2623 1230 2707 quale
1246 2623 1275 2688 si

80 2735 212 2804 mndoa
236 2738 404 2823 lnspruch
429 2757 491 2823 per
517 2738 661 2824 probare
687 2759 725 2806 se
752 2737 784 2804 la
807 2759 871 2804 sua
897 2736 1035 2824 predica
1063 2736 1277 2807 riuscirebbe

81 2845 112 2925 11,
125 2859 193 2934 etc,
210 2863 245 2918 et
260 2853 441 2920 Leonardo
458 2852 606 2920 Boschio
624 2857 648 2934 1,
667 2853 691 2919 11
703 2853 803 2938 quale
815 2863 912 2939 parte
923 2851 1074 2920 studiara
1088 2852 1275 2940 theologia,

80 2973 151 3042 parte
164 2970 188 3032 s'
205 2967 375 3054 occupari
386 2969 558 3052 priuatim
570 2968 605 3034 in
617 2989 696 3035 casa
711 2970 871 3054 apassar’
890 2968 922 3032 la
937 2967 1128 3050 dialectica,
1147 2978 1181 3037 et
1197 2969 1275 3054 leg·

81 3083 133 3159 ger
148 3101 189 3149 un
198 3103 284 3170 poco
301 3083 337 3150 in
349 3104 454 3170 greco
469 3107 489 3152 a
505 3085 644 3152 Matheo
659 3084 798 3170 polono,
816 3083 839 3148 il
856 3085 957 3168 quale
973 3097 1063 3152 resta
1079 3082 1115 3149 in
1134 3082 1276 3170 Dilinga

79 3199 161 3274 quest
174 3219 261 3265 anno
277 3219 382 3267 senza
397 3199 545 3286 legger',
560 3219 621 3284 per
633 3197 785 3288 compirli
801 3196 859 3265 doi
874 3197 1030 3283 desiderij
1048 3202 1112 3266 che
1127 3202 1277 3281 haueua,

81 3331 256 3350 Ἣ

118 3415 131 3449 Ι
152 3409 208 3466 Hoc
221 3413 310 3468 verb.
326 3428 415 3485 supra
428 3427 509 3467 vers.
527 3409 639 3467 addidit
649 3410 718 3467 libr.

118 3559 124 3591 ¹
155 3559 222 3618 Vide
233 3563 327 3635 epist.
345 3577 408 3636 427,
424 3581 457 3620 n.
476 3577 503 3632 23
517 3572 549 3619 et
562 3575 625 3636 447,
641 3581 670 3618 n.
685 3578 716 3632 4.

117 3649 127 3679 1
156 3649 305 3709 Roseffius.

118 3735 126 3766 1
155 3737 207 3808 Sic;
220 3741 274 3798 sed
287 3739 410 3796 inferius
422 3742 470 3798 hic
483 3742 547 3814 ipse
560 3741 724 3814 appellatur
737 3741 931 3797 lovaniensis.

119 3827 128 3857 ⁴
155 3828 253 3887 Bader.
273 3829 350 3887 Vide
363 3847 434 3902 pag.
453 3842 515 3901 159,
528 3838 633 3887 annot.
649 3828 680 3886 3.

118 3915 126 3945 ⁵
155 3915 295 3976 Gerardus
313 3919 492 3992 Lapidanus,
505 3919 556 3993 qui
572 3921 714 3976 dovensis
731 3918 847 3992 dicitur,
866 3920 927 3991 vel,
940 3919 1090 3991 clivensis,
1104 3926 1137 3976 ut
1152 3920 1279 3977 habetur

81 3994 170 4136 lfnCorl.
190 4007 294 4064 Natat.
314 4010 404 4064 inser.
422 4008 539 4074 Germ„
559 4010 661 4080 uQuae
682 4007 806 4067 dixit...
830 4007 944 4064 Natalis
966 4008 1106 4080 Dilingae
1128 4008 1277 4066 secundo»

89 4087 119 4144 ol.
135 4103 172 4149 η.

117 4179 127 4214 1
153 4183 226 4242 Idem
238 4188 345 4242 Petrus
359 4203 426 4244 esse
439 4185 566 4255 videtur,
576 4185 628 4259 qui
640 4203 729 4259 supra
741 4186 919 4244 coloniensis
932 4185 1052 4243 dicitur.
1070 4189 1116 4243 De
1129 4189 1185 4244 hoc
1197 4187 1276 4244 idem

80 4259 173 4340 Nitalis,
183 4275 211 4331 in
223 4275 329 4332 Natal.
343 4277 434 4332 instr.
451 4275 574 4341 Germ.,
588 4277 645 4332 loc.
658 4275 724 4348 cit,
737 4278 810 4332 haec
824 4275 942 4348 scripsit
961 4277 1012 4332 «ln
1026 4277 1073 4332 2.¹
1091 4275 1209 4348 [classe]
1223 4277 1277 4333 Pe·

79 4357 123 4408 tnu
132 4357 306 4433 louaniensis,
320 4363 464 4436 usquead
481 4371 665 4435 autumnum,
678 4380 737 4436 quo
755 4373 888 4436 tempore
902 4363 1037 4420 mittetur
1054 4365 1252 4439 Herbipolim.
1261 4385 1276 4420 o

116 4447 124 4478 ¹
153 4449 255 4509 Natalis
271 4453 303 4509 in
322 4452 484 4509 memoriali
501 4471 590 4525 supra
606 4454 707 4524 citato,
726 4453 864 4525 Dilingae
877 4453 992 4522 relicto,
1007 4455 1080 4510 haec
1094 4452 1131 4510 de
1150 4455 1276 4512 Boschio

79 4531 175 4606 scripsit:
188 4541 343 4614 «Magister
356 4542 500 4599 Boschius
514 4560 601 4599 unam
614 4544 771 4600 lectionem
784 4543 952 4612 theologiae
970 4544 1164 4600 scholasticae
1177 4543 1278 4602 audiat

82 4620 255 4686 thebeam.
273 4631 373 4688 Parari
390 4632 499 4704 poterit
512 4631 549 4688 ad
562 4631 795 4690 sacerdotium.»
808 4632 885 4688 Vide
898 4633 938 4688 sis
952 4631 989 4688 de
1011 4633 1116 4690 eodem
1134 4636 1278 4692 Bnauus·

85 4714 188 4788 litem,
199 4721 257 4776 loc.
274 4719 343 4793 cit.,
359 4721 413 4794 111,
427 4737 491 4795 494,
504 4735 571 4793 495.
