3414 5374
578 493 614 552 27
632 480 818 542 Noveramus
841 495 909 555 1574
980 557 982 562 ,
1266 483 1320 554 679

128 631 308 722 guirargli,
325 655 396 703 non
411 635 570 704 hauendo
585 634 787 704 sufficientia
801 636 836 702 di
856 636 945 704 libri.
963 634 1226 706 Nientedimeno
1249 633 1319 726 [mi]
1337 645 1355 679 ¹

129 747 152 812 l'
167 750 242 816 han
258 749 352 829 dato,
367 750 527 818 Eduardo
541 750 685 838 inglese,
703 751 789 820 assai
800 751 997 838 indisposto
1014 754 1055 820 L’
1069 755 1118 818 ho
1134 750 1300 838 pligiiato,
1319 761 1371 818 et¹

131 862 176 929 mi
190 864 306 932 scriue
320 865 427 952 algon
443 887 543 952 poco,
561 877 597 936 et
611 865 657 933 mi
672 867 795 935 alieuia'
807 867 871 934 alla
882 888 1018 934 camara
1032 867 1139 954 aigun
1154 887 1252 954 poco.
1272 867 1354 933 Non

134 1001 246 1047 sonno
262 999 387 1048 ancora
402 981 510 1048 sreddi
527 981 726 1068 germanici,
744 1003 800 1048 ma
819 981 855 1049 in
870 983 973 1068 quelli
985 982 1084 1070 pochi
1100 982 1146 1048 mi
1167 991 1264 1050 sento
1281 1003 1355 1050 me-

133 1095 216 1177 glio,
233 1107 272 1164 et
286 1117 402 1183 vengo
428 1096 464 1162 in
484 1119 647 1184 spetunca
668 1099 725 1165 nel
747 1097 874 1186 Signor
896 1102 960 1166 che
982 1097 1032 1185 gli
1051 1097 1176 1164 intensi
1192 1097 1238 1162 mi
1254 1118 1354 1164 saran

133 1209 220 1292 vtili,
236 1221 275 1278 et
289 1211 336 1277 mi
352 1212 385 1278 lo
400 1212 563 1278 confirma
577 1211 601 1278 il
617 1211 759 1280 medico.
777 1214 806 1279 11
821 1211 948 1300 Signor
963 1211 1012 1279 sia
1027 1234 1094 1280 con
1111 1213 1154 1280 V.
1174 1213 1214 1280 P.
1239 1221 1273 1281 et
1289 1231 1355 1277 con

133 1326 212 1393 tutti
227 1327 286 1393 noi
305 1349 332 1410 3Ι
349 1327 506 1414 maggior
532 1326 640 1414 gloria
654 1327 690 1394 di
716 1349 778 1396 sua
794 1328 910 1396 diuina
936 1329 1020 1398 Mte.
1050 1329 1129 1397 Alle
1155 1327 1300 1394 orationi
1321 1336 1356 1394 et

133 1441 234 1510 misse
250 1442 331 1511 delli
347 1441 449 1510 Padri
465 1442 636 1511 assistenti
651 1452 685 1512 et
703 1446 742 1510 Ρ.
761 1443 943 1512 secretario
959 1444 1005 1511 mi
1017 1443 1215 1511 ricomando
1227 1443 1266 1508 in
1282 1443 1354 1508 Do-

135 1559 240 1624 mino.
259 1561 313 1625 De
328 1559 429 1638 Halo,
445 1576 489 1641 24
499 1558 543 1628 de
559 1561 824 1644 Octobre1574.
841 1563 895 1628 De
910 1562 954 1628 V.
975 1562 1015 1626 Ρ.
1035 1580 1136 1626 seruo
1152 1558 1187 1624 in
1210 1559 1288 1638 X.⁰‚

946 1684 1133 1773 †Nuunn.
1158 1683 1182 1770 †

203 1907 389 1992 Inscriptio
405 1908 443 1972 in
459 1913 584 1993 quarto
595 1909 744 1994 pagina,
760 1909 830 1973 alia
843 1928 961 1973 manu:
973 1906 995 1995 †
1008 1905 1204 1974 Admodum
1220 1903 1305 1972 Rdo.
1322 1901 1357 1968 in

138 2020 229 2107 Xpo.
249 2020 344 2088 Patri
356 2024 396 2088 N.
416 2024 456 2088 Ρ.
475 2023 648 2089 Euerardo
664 2022 890 2103 Mercuriano,
908 2021 1100 2110 praeposito
1121 2019 1271 2108 generali
1292 2019 1357 2088 So·

138 2134 379 2226 cieratisJesu.
409 2139 548 2204 Romae.
577 2139 659 2206 Alie
681 2138 963 2227 manu:Jesvs.†
987 2136 1107 2206 Maria.
1133 2153 1231 2222 1574.
1254 2133 1356 2201 1-1313.

141 2251 180 2317 P.
197 2253 334 2322 Natale.
354 2271 397 2337 24
418 2254 578 2321 Ottobre.

704 2447 797 2510 w

471 2576 512 2640 Ρ.
532 2573 841 2642 HIERONYMUS
863 2573 1027 2641 NADAL

376 2705 514 2762 PATRI
542 2704 792 2764 EVERARDO
819 2702 1125 2764 MERCURIANO

510 2833 630 2892 unuin,
643 2833 677 2890 27
691 2835 870 2878 novmroms
886 2834 954 2891 1574
968 2825 988 2880 ¹.

142 2967 167 3008 1.
185 2955 236 3011 De
256 2955 350 3023 librr's,
370 2957 527 3030 Augustae
543 2956 600 3010 sibi
615 2955 904 3026 comparandis-2.
923 2955 969 3010 De
987 2955 1064 3010 libro
1085 2953 1191 3008 Patris
1211 2954 1247 3008 de
1270 2951 1312 3006 Sa
1327 2951 1363 3006 in

473 3045 709 3118 evangelie-3.
724 3044 770 3100 De
782 3061 839 3100 3130
851 3045 1034 3100 valetudine.

212 3198 240 3246 1.
288 3179 435 3267 †Molto
462 3179 549 3246 Rdo.
580 3181 621 3245 Ρ.
650 3181 695 3247 Ν.
724 3178 759 3245 in
774 3181 840 3246 Χ.ο
862 3181 934 3245 Pax
961 3177 1017 3244 X.¹
1037 3178 1178 3262 Sempre
1193 3175 1362 3242 lelettere

144 3291 229 3362 della
246 3296 286 3361 P.
306 3297 350 3361 V.
369 3297 415 3362 mi
429 3295 544 3360 denno
559 3315 647 3380 gran
668 3294 876 3360 consolation
898 3315 942 3359 en
962 3294 993 3360 el
1013 3291 1138 3378 Signor
1160 3299 1288 3369 nostro,
1306 3311 1362 3354 ma

144 3407 225 3498 ladi
244 3427 283 3493 17
308 3409 343 3475 di
364 3411 531 3490 Octubre,
555 3410 620 3476 3113
640 3407 799 3502 essential
822 3412 866 3474 ha
886 3407 1005 3495 gionto
1020 3429 1067 3472 vn
1089 3405 1218 3492 grande
1238 3415 1273 3470 et
1292 3405 1362 3470 bon

146 3523 331 3592 accidente.
351 3527 437 3592 Pare
453 3546 519 3611 que
535 3527 579 3593 V.
595 3528 634 3592 P.
655 3529 682 3591 s'
702 3524 840 3592 intende
861 3545 928 3590 con
944 3521 1049 3589 Iddio.
1068 3524 1118 3590 Su
1138 3519 1254 3586 diuina
1275 3520 1361 3587 Mti.

147 3637 190 3704 mi
205 3651 284 3708 tene
299 3641 472 3707 consolato
488 3639 541 3707 sin
556 3639 677 3708 merito
688 3639 830 3707 nissuno
841 3638 923 3720 mio,
942 3648 976 3708 et
990 3639 1023 3704 13
1041 3640 1081 3705 Ρ.
1095 3638 1139 3705 V.
1155 3635 1289 3722 seguita
1301 3655 1362 3700 sua

149 3753 372 3840 proportione.
391 3755 444 3821 Sit
460 3755 650 3821 benedictus
670 3757 853 3837 Dominus
868 3763 935 3822 etc.
959 3755 985 3820 11
1006 3752 1116 3820 Padre
1136 3761 1242 3820 rettor
1257 3749 1304 3814 mi
1320 3751 1363 3814 ha

149 3869 277 3938 offerita
288 3871 321 3938 la
336 3869 462 3937 sicurtri
478 3892 539 3956 per
554 3869 602 3956 gli
618 3882 719 3937 cento
732 3869 839 3952 scudi;
857 3881 892 3936 et
908 3875 1022 3934 tomen
1037 3867 1071 3934 io
1086 3888 1147 3954 per
1161 3867 1282 3934 adesso
1294 3885 1362 3928 non

148 3981 293 4054 livorrei
308 3985 466 4071 spendor,
481 3983 515 4051 ni
527 4005 684 4071 comprar
700 3985 785 4051 libro
802 3987 924 4051 alcuno
937 3984 1008 4050 fino
1023 3993 1159 4070 passata
1174 3981 1207 4048 13
1223 3981 1361 4066 pascho3

148 4101 266 4182 perche
283 4121 353 4166 non
369 4102 389 4166 ἑ
406 4109 522 4185 tempo
538 4099 572 4165 di
588 4101 692 4166 andar
709 4099 741 4165 io
757 4099 800 4166 ad
816 4102 990 4186 Augusta,
1012 4119 1080 4184 que
1096 4119 1155 4183 par
1171 4094 1365 4162 necessario

147 4213 189 4278 od
202 4215 393 4282 habendum
408 4215 569 4282 delectum
574 4237 582 4297 ;
600 4226 635 4281 et
650 4214 682 4282 ci
697 4215 821 4284 voleua
836 4213 893 4301 gii
908 4214 1034 4282 andare
1055 4213 1088 4279 al
1107 4211 1313 4290 Settembre,
1327 4231 1365 4275 se

151 4355 356 4368 ψ

195 4431 211 4464 ²
238 4419 347 4476 cham
359 4418 464 4490 scisse,
476 4419 532 4473 hoc
545 4419 627 4473 verb.
643 4417 750 4490 partim
763 4417 858 4474 deest.

149 4543 355 4556 ——-—-⁸

198 4607 206 4639 ¹
243 4607 287 4662 Ex
307 4607 498 4678 autographo,
523 4605 553 4661 in
569 4605 667 4678 Epist.
686 4606 803 4671 Natat„
821 4605 860 4678 11,
884 4605 994 4678 duplici
1016 4603 1078 4672 iol„
1101 4600 1155 4658 223
1176 4601 1262 4673 (195).
1286 4599 1372 4654 Heec

150 4694 268 4767 epistola
281 4695 388 4752 litteris
400 4696 456 4751 sub
469 4713 499 4751 n.
514 4694 567 4764 564
579 4694 683 4768 positis
695 4693 865 4767 respondet.
