3494 5392
356 495 399 537 xn
684 483 875 539 Paooamuu
893 493 999 536 11111111
1019 491 1188 535 vocuunns

330 637 441 704 Padre
456 635 649 719 charisimo,
668 657 735 720 que
751 637 795 704 de
810 636 895 702 cada
910 635 965 701 dia
982 636 1050 720 doy
1066 655 1223 719 mayores
1240 635 1374 721 gracias
1394 635 1426 702 al
1442 637 1554 705 Sedor

322 780 385 846 por
401 781 442 824 su
458 759 549 825 idaa
569 759 767 841 Germania,
789 759 1049 846 pareciendome
1069 781 1137 846 que
1152 780 1216 825 con
1238 759 1304 827 ella
1325 780 1364 826 se
1384 782 1439 828 me
1455 759 1551 846 quita

320 905 367 950 vn
383 905 469 970 gran
492 886 649 970 cuydado
676 905 719 952 en
746 885 796 952 las
823 907 921 952 cosas
948 885 1065 953 dessas
1081 883 1287 971 prouincias,
1305 907 1328 970 y
1343 905 1411 970 que
1428 891 1547 952 teman

324 1019 440 1093 pastor
455 1029 522 1094 que
535 1010 585 1076 las
596 1032 684 1093 ama,
698 1033 721 1096 y
737 1012 906 1097 guardara
921 1033 944 1097 y
959 1011 1110 1096 ayudara
1125 1031 1190 1076 con
1206 1009 1400 1096 diligencia;
1414 1032 1437 1096 y
1449 1032 1548 1077 como

320 1155 379 1200 sea
394 1144 469 1202 esto
484 1157 553 1201 vno
569 1137 612 1203 de
628 1136 678 1202 los
694 1135 898 1222 principales
920 1135 1087 1223 negocios
1108 1157 1175 1220 que
1195 1137 1228 1202 la
1247 1135 1440 1220 Compattla
1456 1134 1548 1203 tiene

319 1281 365 1326 en
380 1260 528 1345 Europa,
547 1263 674 1327 mucho
689 1281 746 1326 me
761 1262 923 1329 consuela
938 1261 971 1327 lo
987 1283 1054 1346 que
1066 1259 1161 1346 dig0,
1176 1261 1366 1346 esperando
1382 1280 1426 1325 en
1439 1258 1470 1324 el
1483 1259 1550 1327 Se-

323 1392 384 1448 nor
400 1404 468 1468 que
483 1405 524 1451 su
541 1381 597 1451 ida
610 1385 668 1451 fue
683 1407 766 1472 para
776 1395 852 1455 esto
864 1392 936 1452 mas
948 1407 1015 1473 que
1028 1407 1110 1472 para
1121 1385 1155 1450 la
1166 1384 1269 1467 dieta,
1284 1405 1370 1470 pues
1383 1405 1437 1452 me
1448 1383 1548 1450 dizen

320 1526 388 1589 que
403 1529 448 1574 en
463 1508 567 1577 breve
583 1531 621 1578 se
637 1510 792 1590 acabara,
811 1515 894 1595 yasl
911 1512 955 1578 de
969 1529 1085 1578 nueuo
1100 1531 1139 1577 se
1155 1509 1188 1574 lo
1203 1508 1331 1574 bueluo
1353 1507 1433 1573 todo
1449 1513 1469 1572 a
1486 1529 1548 1574 en-

323 1632 541 1714 comendarp)
559 1644 626 1701 etc.
646 1637 713 1721 (50,
732 1636 798 1722 51).
816 1637 855 1702 ln
870 1634 1024 1720 collegiis
1035 1654 1179 1700 romano
1190 1643 1224 1700 et
1236 1631 1449 1719 germanic0,
1462 1643 1497 1699 et
1511 1631 1549 1698 in

321 1756 425 1822 domo
442 1757 651 1843 probationis
667 1760 777 1826 sancti
798 1760 973 1841 Andreae,
991 1758 1137 1846 optimos
1153 1757 1360 1826 Germaniae
1374 1756 1548 1843 operarios

325 1893 502 1968 praeparat
529 1885 597 1971 (13,
623 1901 678 1969 51,
701 1886 757 1968 66,
780 1886 835 1973 69,
861 1885 916 1968 87,
943 1899 1017 1968 151,
1041 1902 1118 1964 201,
1138 1884 1231 1969 etc).
1256 1881 1401 1951 Animos
1424 1902 1546 1969 regum

323 2019 359 2074 et
375 2007 569 2094 principum
585 2009 651 2076 sibi
667 2020 702 2079 et
718 2009 881 2079 Societati
899 2009 1059 2076 conciliat
1074 2011 1142 2096 (52,
1160 2009 1215 2090 66,
1234 2010 1327 2093 etc).
1342 2009 1469 2076 Curam
1486 2029 1548 2074 va-

327 2133 488 2200 letudinis
515 2135 746 2218 subditorum,
777 2145 812 2202 et
838 2135 1022 2221 praecipue
1049 2133 1197 2215 Natalis,
1227 2135 1334 2202 habet
1362 2133 1433 2221 (68,
1461 2133 1546 2234 149).

323 2258 488 2345 Spiritum
512 2259 674 2327 orationis
700 2271 736 2328 et
762 2259 974 2346 paupertatis
996 2258 1032 2325 in
1058 2257 1234 2328 Societate
1259 2259 1352 2325 fovet
1378 2259 1445 2345 (53,
1469 2273 1546 2342 325,

324 2384 401 2465 326,
421 2384 508 2468 378).
526 2383 728 2453 Pontificem
737 2384 944 2454 Germaniae
955 2383 1161 2452 benevolum
1173 2393 1208 2450 et
1220 2381 1457 2469 indulgentem
1470 2382 1549 2448 red-

321 2507 404 2573 dere
420 2507 546 2594 satagit
561 2509 662 2596 (158).
681 2509 930 2578 Selectissimos
947 2507 1121 2595 operarios
1136 2507 1173 2573 in
1188 2507 1263 2574 illas
1276 2516 1344 2574 tam
1357 2509 1478 2574 charas
1495 2527 1549 2574 re·

323 2631 456 2718 gioneS,
471 2633 603 2701 Natalis
618 2645 756 2722 rogatu,
770 2633 875 2701 mittit
886 2633 987 2723 (511).
1003 2635 1152 2701 Domum
1164 2632 1373 2719 probationis
1385 2631 1549 2700 Coloniae

323 2756 444 2822 melius
464 2779 566 2843 quam
594 2757 674 2826 alibi
701 2745 937 2826 successuram
965 2758 1136 2826 existimat
1163 2757 1272 2846 (625).
1303 2757 1417 2825 Vitam
1439 2755 1548 2823 sancti

322 2881 445 2967 Ignatii
457 2881 562 2950 scribi
577 2905 598 2951 a
616 2886 655 2952 P.
682 2883 909 2952 Ribadeneira
931 2894 1029 2951 curat
1045 2885 1135 2970 (365,
1166 2899 1243 2968 377,
1272 2901 1352 2966 402,
1381 2883 1546 2970 489490,

323 3004 496 3092 538-540).
514 3006 647 3075 Galliae
663 3029 801 3094 quoque
817 3019 852 3074 et
872 3007 1052 3075 Flandriae
1069 3007 1216 3094 collegia
1235 3005 1372 3092 optimis
1388 3003 1470 3072 viris
1485 3005 1549 3072 do-

322 3130 386 3196 tari
397 3131 498 3216 jubet
520 3133 609 3218 (478,
633 3133 713 3216 486,
744 3149 820 3217 510,
837 3134 925 3218 554).
944 3132 1071 3202 Felicia
1086 3143 1121 3199 et
1136 3132 1226 3200 laeta
1241 3131 1362 3198 nuntia
1382 3133 1425 3199 de
1446 3130 1549 3198 totius

320 3254 502 3323 Societatis
526 3266 618 3323 statu
639 3255 753 3326 Natali
779 3257 928 3326 scribere
954 3259 1096 3345 gaudet,
1122 3257 1212 3326 inter
1237 3277 1326 3341 quae
1350 3264 1473 3322 notatu
1499 3254 1550 3321 di·

319 3378 442 3465 gniora
468 3391 551 3447 sunt
576 3381 712 3450 Claudii
733 3382 936 3469 Aquavivae
963 3383 999 3449 in
1025 3382 1232 3452 Societatem
1257 3380 1419 3448 admissio
1446 3381 1547 3466 (507),

315 3502 495 3588 Japoniae,
514 3503 634 3587 Cinae,
650 3505 867 3592 Aethiopiae,
886 3507 1049 3574 Brasiliae
1065 3517 1130 3576 etc.
1147 3503 1393 3592 expeditiones,
1415 3503 1549 3570 labores

319 3626 501 3709 sociorum,
516 3630 649 3696 fructus
660 3631 776 3718 (5295
781 3631 847 3718 35).
863 3635 1025 3700 Amorem
1038 3629 1246 3717 paupertatis
1259 3629 1439 3717 religiosae
1449 3626 1548 3694 novis

320 3751 465 3820 decretis
482 3753 592 3820 munit
608 3755 686 3842 (53).
706 3755 834 3824 Sancto
862 3755 926 3823 Pio
946 3757 978 3824 V
998 3759 1135 3839 charus,
1154 3756 1278 3822 multas
1294 3756 1337 3820 ab
1352 3753 1411 3820 illo
1427 3752 1547 3822 Socie-

320 3875 381 3942 tati
397 3877 526 3963 gratias
542 3878 675 3946 obtinet
692 3879 759 3967 (10,
782 3899 834 3966 13,
854 3897 908 3966 52,
928 3897 983 3965 53,
999 3880 1137 3969 595),111
1154 3880 1278 3966 quibus
1294 3879 1433 3967 speciali
1449 3901 1546 3947 men-

319 3999 413 4066 tione
428 4001 534 4090 digna
549 4015 602 4071 est
617 4005 762 4073 facultas
774 4005 973 4074 absolvendi
988 4006 1140 4090 relapsos
1155 4005 1190 4072 in
1206 4005 1388 4087 haeresim,
1403 4002 1548 4071 aNatali

318 4135 355 4192 et
370 4124 510 4192 Canisio
523 4148 584 4212 pro
599 4127 806 4197 Germaniae
822 4130 913 4195 bono
929 4129 1101 4216 postulata
1117 4128 1206 4217 (362,
1227 4129 1303 4214 363,
1325 4129 1414 4214 486).
1433 4127 1550 4195 Colle-

319 4248 455 4336 giorum
476 4251 608 4338 Spirae,
632 4252 840 4340 Herbipolis,
857 4253 1135 4335 Francofordiae,
1155 4255 1334 4336 Olomutii,
1353 4254 1548 4339 Augustae,

320 4375 511 4455 Trebonae,
535 4387 570 4443 et
590 4377 733 4444 aliorum
753 4377 1003 4446 institutionem
1019 4390 1210 4465 promovet,
1236 4379 1340 4460 fovet,
1363 4398 1473 4463 eaque
1489 4399 1551 4464 per

319 4499 474 4567 Natalem
489 4499 598 4568 solide
615 4502 750 4570 fundari
766 4514 801 4572 et
817 4503 962 4589 provehi
979 4514 1077 4570 curat
1093 4504 1137 4592 (7,
1162 4521 1276 4586 11-13,
1296 4503 1351 4586 86,
1375 4518 1449 4587 150,
1472 4503 1546 4584 178,

321 4639 397 4704 202,
417 4641 495 4706 222,
515 4641 591 4715 229,
608 4643 685 4710 234,
704 4642 782 4712 235,
798 4629 875 4709 281,
892 4629 970 4716 289,
986 4629 1062 4712 364,
1079 4647 1156 4715 399,
1171 4643 1250 4710 400,
1264 4628 1343 4709 416,
1358 4645 1437 4710 417,
1451 4625 1545 4710 etc).
