<?xml version="1.0" encoding="UTF-8"?>
<!DOCTYPE html PUBLIC "-//W3C//DTD XHTML 1.0 Transitional//EN"
    "http://www.w3.org/TR/xhtml1/DTD/xhtml1-transitional.dtd">
<html xmlns="http://www.w3.org/1999/xhtml" xml:lang="en" lang="en">
 <head>
  <title>
</title>
<meta http-equiv="Content-Type" content="text/html;charset=utf-8" />
  <meta name='ocr-system' content='tesseract 3.04.00' />
  <meta name='ocr-capabilities' content='ocr_page ocr_carea ocr_par ocr_line ocrx_word'/>
</head>
<body>
  <div class='ocr_page' id='page_1' title='image "./epistolaephiero01nadagoog_0635.png"; bbox 0 0 3384 5382; ppageno 0'>
   <div class='ocr_carea' id='block_1_1' title="bbox 419 453 1224 564">
    <p class='ocr_par' dir='ltr' id='par_1_1' title="bbox 419 453 1224 564">
     <span class='ocr_line' id='line_1_1' title="bbox 419 453 1224 564; baseline -0.017 -11"><span class='ocrx_word' id='word_1_1' title='bbox 419 493 472 564; x_wconf 84' lang='lat'><strong><em>596</em></strong></span> <span class='ocrx_word' id='word_1_2' title='bbox 806 489 912 546; x_wconf 72' lang='lat' dir='ltr'><strong><em>Enisa.</em></strong></span> <span class='ocrx_word' id='word_1_3' title='bbox 933 488 967 544; x_wconf 86' lang='grc' dir='ltr'><strong><em>Ρ.</em></strong></span> <span class='ocrx_word' id='word_1_4' title='bbox 988 487 1193 555; x_wconf 73' lang='lat' dir='ltr'><strong><em>Naana-522</em></strong></span> <span class='ocrx_word' id='word_1_5' title='bbox 1220 453 1224 464; x_wconf 38' lang='lat'><em>¹</em></span> 
     </span>
    </p>
   </div>
   <div class='ocr_carea' id='block_1_2' title="bbox 377 636 1589 842">
    <p class='ocr_par' dir='ltr' id='par_1_2' title="bbox 377 636 1589 842">
     <span class='ocr_line' id='line_1_2' title="bbox 378 636 1589 731; baseline -0.008 -19"><span class='ocrx_word' id='word_1_6' title='bbox 378 665 506 731; x_wconf 86' lang='lat' dir='ltr'><strong><em>magna</em></strong></span> <span class='ocrx_word' id='word_1_7' title='bbox 519 653 556 710; x_wconf 91' lang='lat' dir='ltr'><strong><em>et</em></strong></span> <span class='ocrx_word' id='word_1_8' title='bbox 571 643 729 725; x_wconf 83' lang='lat' dir='ltr'>Francia,</span> <span class='ocrx_word' id='word_1_9' title='bbox 752 643 842 709; x_wconf 88' lang='lat' dir='ltr'><strong><em>della</em></strong></span> <span class='ocrx_word' id='word_1_10' title='bbox 863 639 1077 728; x_wconf 83' lang='lat' dir='ltr'><strong><em>Compagnia</em></strong></span> <span class='ocrx_word' id='word_1_11' title='bbox 1092 637 1128 705; x_wconf 91' lang='lat' dir='ltr'><strong><em>di</em></strong></span> <span class='ocrx_word' id='word_1_12' title='bbox 1149 638 1271 706; x_wconf 79' lang='lat' dir='ltr'><strong><em>Giesd.</em></strong></span> <span class='ocrx_word' id='word_1_13' title='bbox 1294 637 1463 718; x_wconf 82' lang='lat' dir='ltr'><strong><em>Anuersa,</em></strong></span> <span class='ocrx_word' id='word_1_14' title='bbox 1480 636 1589 704; x_wconf 84' lang='lat' dir='ltr'><strong><em>odoue</em></strong></span> 
     </span>
     <span class='ocr_line' id='line_1_3' title="bbox 377 751 1584 842; baseline -0.008 -14"><span class='ocrx_word' id='word_1_15' title='bbox 377 759 466 828; x_wconf 73' lang='lat' dir='ltr'><strong><em>sari.</em></strong></span> <span class='ocrx_word' id='word_1_16' title='bbox 486 762 555 827; x_wconf 91' lang='lat' dir='ltr'><strong><em>Pro</em></strong></span> <span class='ocrx_word' id='word_1_17' title='bbox 570 769 653 826; x_wconf 90' lang='lat' dir='ltr'><strong><em>toto.</em></strong></span> <span class='ocrx_word' id='word_1_18' title='bbox 673 759 813 826; x_wconf 83' lang='lat' dir='ltr'><strong><em>Natalis</em></strong></span> <span class='ocrx_word' id='word_1_19' title='bbox 829 777 954 822; x_wconf 84' lang='lat' dir='ltr'><strong><em>manu:</em></strong></span> <span class='ocrx_word' id='word_1_20' title='bbox 970 757 1011 822; x_wconf 90' lang='lat' dir='ltr'><strong><em>P.</em></strong></span> <span class='ocrx_word' id='word_1_21' title='bbox 1031 752 1244 842; x_wconf 87' lang='lat' dir='ltr'><strong><em>prouinciali.</em></strong></span> <span class='ocrx_word' id='word_1_22' title='bbox 1268 752 1388 840; x_wconf 84' lang='lat' dir='ltr'><strong><em>Sigilli</em></strong></span> <span class='ocrx_word' id='word_1_23' title='bbox 1408 751 1584 839; x_wconf 75' lang='lat' dir='ltr'><strong><em>vesiigmm.</em></strong></span> 
     </span>
    </p>
   </div>
   <div class='ocr_carea' id='block_1_3' title="bbox 705 1057 1279 1127">
    <p class='ocr_par' dir='ltr' id='par_1_3' title="bbox 705 1057 1279 1127">
     <span class='ocr_line' id='line_1_4' title="bbox 705 1057 1279 1127; baseline -0.007 -1"><span class='ocrx_word' id='word_1_24' title='bbox 705 1060 745 1126; x_wconf 90' lang='lat' dir='ltr'><strong><em>P.</em></strong></span> <span class='ocrx_word' id='word_1_25' title='bbox 778 1058 1091 1127; x_wconf 85' lang='lat' dir='ltr'>HIERONYMUS</span> <span class='ocrx_word' id='word_1_26' title='bbox 1113 1057 1279 1124; x_wconf 85' lang='lat' dir='ltr'><strong>NADAL</strong></span> 
     </span>
    </p>
   </div>
   <div class='ocr_carea' id='block_1_4' title="bbox 373 1167 1582 2235">
    <p class='ocr_par' dir='ltr' id='par_1_4' title="bbox 587 1167 1444 1340">
     <span class='ocr_line' id='line_1_5' title="bbox 587 1167 1444 1246; baseline -0.006 -18"><span class='ocrx_word' id='word_1_27' title='bbox 587 1243 589 1246; x_wconf 81' lang='lat'>.</span> <span class='ocrx_word' id='word_1_28' title='bbox 618 1172 801 1232; x_wconf 84' lang='lat' dir='ltr'>SANCTO</span> <span class='ocrx_word' id='word_1_29' title='bbox 835 1168 1097 1230; x_wconf 86' lang='lat' dir='ltr'>FRANCISCO</span> <span class='ocrx_word' id='word_1_30' title='bbox 1130 1171 1188 1226; x_wconf 88' lang='lat' dir='ltr'><strong><em>DE</em></strong></span> <span class='ocrx_word' id='word_1_31' title='bbox 1220 1167 1365 1242; x_wconf 86' lang='lat' dir='ltr'>BORJA</span> <span class='ocrx_word' id='word_1_32' title='bbox 1442 1189 1444 1197; x_wconf 64' lang='lat'><strong><em>¹</em></strong></span> 
     </span>
     <span class='ocr_line' id='line_1_6' title="bbox 792 1267 1208 1340; baseline -0.012 -13"><span class='ocrx_word' id='word_1_33' title='bbox 792 1283 934 1340; x_wconf 67' lang='lat' dir='ltr'><strong><em>tovana,</em></strong></span> <span class='ocrx_word' id='word_1_34' title='bbox 954 1282 989 1324; x_wconf 87' lang='lat'><strong><em>20</em></strong></span> <span class='ocrx_word' id='word_1_35' title='bbox 1008 1281 1078 1336; x_wconf 77' lang='lat' dir='ltr'><strong><em>ann</em></strong></span> <span class='ocrx_word' id='word_1_36' title='bbox 1100 1267 1167 1338; x_wconf 83' lang='lat'>1568</span> <span class='ocrx_word' id='word_1_37' title='bbox 1187 1267 1208 1322; x_wconf 86' lang='lat'><strong><em>¹.</em></strong></span> 
     </span>
    </p>

    <p class='ocr_par' dir='ltr' id='par_1_5' title="bbox 373 1366 1582 2235">
     <span class='ocr_line' id='line_1_7' title="bbox 373 1366 1582 1440; baseline -0.004 -16"><span class='ocrx_word' id='word_1_38' title='bbox 373 1383 400 1424; x_wconf 88' lang='lat'><strong><em>1.</em></strong></span> <span class='ocrx_word' id='word_1_39' title='bbox 414 1369 481 1424; x_wconf 89' lang='grc' dir='ltr'><strong><em>ΡΡ.</em></strong></span> <span class='ocrx_word' id='word_1_40' title='bbox 495 1371 604 1426; x_wconf 83' lang='lat' dir='ltr'><strong><em>Acosia</em></strong></span> <span class='ocrx_word' id='word_1_41' title='bbox 616 1367 763 1440; x_wconf 83' lang='lat' dir='ltr'><strong><em>etJom&#39;er</em></strong></span> <span class='ocrx_word' id='word_1_42' title='bbox 772 1368 861 1440; x_wconf 82' lang='lat' dir='ltr'><strong><em>grati</em></strong></span> <span class='ocrx_word' id='word_1_43' title='bbox 873 1366 1133 1440; x_wconf 76' lang='lat' dir='ltr'><strong><em>antverpiensibus</em></strong></span> <span class='ocrx_word' id='word_1_44' title='bbox 1145 1369 1304 1422; x_wconf 71' lang='lat' dir='ltr'><strong><em>venerunt:</em></strong></span> <span class='ocrx_word' id='word_1_45' title='bbox 1315 1367 1416 1421; x_wconf 79' lang='lat' dir='ltr'><strong><em>desua</em></strong></span> <span class='ocrx_word' id='word_1_46' title='bbox 1425 1366 1582 1421; x_wconf 78' lang='lat' dir='ltr'><strong><em>ministerio:</em></strong></span> 
     </span>
     <span class='ocr_line' id='line_1_8' title="bbox 409 1453 1580 1528; baseline -0.003 -15"><span class='ocrx_word' id='word_1_47' title='bbox 409 1457 446 1512; x_wconf 88' lang='lat' dir='ltr'><strong><em>P.</em></strong></span> <span class='ocrx_word' id='word_1_48' title='bbox 472 1456 631 1513; x_wconf 77' lang='lat' dir='ltr'><strong><em>Cornelius</em></strong></span> <span class='ocrx_word' id='word_1_49' title='bbox 652 1457 695 1511; x_wconf 81' lang='lat' dir='ltr'><strong><em>od</em></strong></span> <span class='ocrx_word' id='word_1_50' title='bbox 707 1455 929 1528; x_wconf 73' lang='lat' dir='ltr'><strong><em>professionem</em></strong></span> <span class='ocrx_word' id='word_1_51' title='bbox 943 1453 1439 1527; x_wconf 60' lang='lat' dir='ltr'><strong><em>praeparandae-amoenans</em></strong></span> <span class='ocrx_word' id='word_1_52' title='bbox 1457 1454 1580 1528; x_wconf 76' lang='lat' dir='ltr'><strong><em>iagolrta</em></strong></span> 
     </span>
     <span class='ocr_line' id='line_1_9' title="bbox 407 1542 1581 1612; baseline -0.003 -11"><span class='ocrx_word' id='word_1_53' title='bbox 407 1543 520 1601; x_wconf 77' lang='lat' dir='ltr'><strong><em>diensis</em></strong></span> <span class='ocrx_word' id='word_1_54' title='bbox 532 1545 579 1601; x_wconf 87' lang='lat' dir='ltr'><strong><em>vel</em></strong></span> <span class='ocrx_word' id='word_1_55' title='bbox 596 1545 747 1600; x_wconf 78' lang='lat' dir='ltr'><strong><em>tollendus</em></strong></span> <span class='ocrx_word' id='word_1_56' title='bbox 764 1544 812 1600; x_wconf 85' lang='lat' dir='ltr'><strong><em>vel</em></strong></span> <span class='ocrx_word' id='word_1_57' title='bbox 830 1544 1023 1599; x_wconf 75' lang='lat' dir='ltr'><strong><em>ordinandus</em></strong></span> <span class='ocrx_word' id='word_1_58' title='bbox 1038 1543 1172 1598; x_wconf 81' lang='lat' dir='ltr'><strong><em>videtur:</em></strong></span> <span class='ocrx_word' id='word_1_59' title='bbox 1185 1545 1222 1599; x_wconf 82' lang='lat' dir='ltr'><strong><em>de</em></strong></span> <span class='ocrx_word' id='word_1_60' title='bbox 1238 1544 1327 1598; x_wconf 74' lang='lat' dir='ltr'><strong><em>darno</em></strong></span> <span class='ocrx_word' id='word_1_61' title='bbox 1340 1542 1475 1612; x_wconf 78' lang='lat' dir='ltr'><strong><em>Altierii,</em></strong></span> <span class='ocrx_word' id='word_1_62' title='bbox 1486 1542 1581 1597; x_wconf 84' lang='lat' dir='ltr'><strong><em>Romae</em></strong></span> 
     </span>
     <span class='ocr_line' id='line_1_10' title="bbox 408 1629 1581 1706; baseline -0.003 -16"><span class='ocrx_word' id='word_1_63' title='bbox 408 1634 551 1690; x_wconf 82' lang='lat' dir='ltr'><strong><em>Societati</em></strong></span> <span class='ocrx_word' id='word_1_64' title='bbox 563 1649 710 1700; x_wconf 75' lang='lat' dir='ltr'><strong><em>concessa,</em></strong></span> <span class='ocrx_word' id='word_1_65' title='bbox 720 1633 884 1706; x_wconf 72' lang='lat' dir='ltr'><strong><em>gaudet·</em></strong></span> <span class='ocrx_word' id='word_1_66' title='bbox 888 1647 913 1702; x_wconf 84' lang='lat'><strong><em>3.</em></strong></span> <span class='ocrx_word' id='word_1_67' title='bbox 930 1630 1048 1702; x_wconf 81' lang='lat' dir='ltr'><strong><em>Quibus</em></strong></span> <span class='ocrx_word' id='word_1_68' title='bbox 1060 1632 1096 1686; x_wconf 85' lang='lat' dir='ltr'><strong><em>de</em></strong></span> <span class='ocrx_word' id='word_1_69' title='bbox 1108 1633 1208 1687; x_wconf 82' lang='lat' dir='ltr'><strong><em>causis</em></strong></span> <span class='ocrx_word' id='word_1_70' title='bbox 1224 1632 1258 1686; x_wconf 82' lang='lat' dir='ltr'><strong><em>in</em></strong></span> <span class='ocrx_word' id='word_1_71' title='bbox 1270 1629 1410 1687; x_wconf 88' lang='lat' dir='ltr'><strong><em>Galliam</em></strong></span> <span class='ocrx_word' id='word_1_72' title='bbox 1424 1631 1548 1687; x_wconf 67' lang='lat' dir='ltr'><strong><em>mam</em></strong></span> <span class='ocrx_word' id='word_1_73' title='bbox 1557 1647 1581 1686; x_wconf 83' lang='lat' dir='ltr'><strong><em>so</em></strong></span> 
     </span>
     <span class='ocr_line' id='line_1_11' title="bbox 406 1715 1582 1794; baseline -0.004 -15"><span class='ocrx_word' id='word_1_74' title='bbox 406 1723 546 1779; x_wconf 80' lang='lat' dir='ltr'><strong><em>contulit:</em></strong></span> <span class='ocrx_word' id='word_1_75' title='bbox 559 1723 689 1777; x_wconf 84' lang='lat' dir='ltr'><em>Romam</em></span> <span class='ocrx_word' id='word_1_76' title='bbox 703 1722 749 1776; x_wconf 83' lang='lat' dir='ltr'><strong><em>ire</em></strong></span> <span class='ocrx_word' id='word_1_77' title='bbox 758 1715 894 1793; x_wconf 80' lang='lat' dir='ltr'><strong><em>paratus</em></strong></span> <span class='ocrx_word' id='word_1_78' title='bbox 903 1725 1024 1788; x_wconf 68' lang='lat' dir='ltr'><strong><em>est-4.</em></strong></span> <span class='ocrx_word' id='word_1_79' title='bbox 1039 1719 1086 1775; x_wconf 87' lang='lat' dir='ltr'><strong><em>De</em></strong></span> <span class='ocrx_word' id='word_1_80' title='bbox 1098 1719 1235 1794; x_wconf 82' lang='lat' dir='ltr'><strong><em>collegiis</em></strong></span> <span class='ocrx_word' id='word_1_81' title='bbox 1246 1721 1393 1776; x_wconf 66' lang='lat' dir='ltr'><strong><em>duacena</em></strong></span> <span class='ocrx_word' id='word_1_82' title='bbox 1402 1725 1430 1777; x_wconf 89' lang='lat' dir='ltr'><strong><em>et</em></strong></span> <span class='ocrx_word' id='word_1_83' title='bbox 1446 1719 1582 1776; x_wconf 70' lang='lat' dir='ltr'><strong><em>leodiensi</em></strong></span> 
     </span>
     <span class='ocr_line' id='line_1_12' title="bbox 405 1807 1581 1880; baseline -0.006 -14"><span class='ocrx_word' id='word_1_84' title='bbox 405 1811 445 1866; x_wconf 87' lang='lat' dir='ltr'><strong><em>P.</em></strong></span> <span class='ocrx_word' id='word_1_85' title='bbox 458 1811 612 1866; x_wconf 79' lang='lat' dir='ltr'><strong><em>Hearious</em></strong></span> <span class='ocrx_word' id='word_1_86' title='bbox 625 1809 790 1880; x_wconf 80' lang='lat' dir='ltr'><strong><em>Dionysius</em></strong></span> <span class='ocrx_word' id='word_1_87' title='bbox 802 1810 837 1863; x_wconf 82' lang='lat' dir='ltr'><strong><em>in</em></strong></span> <span class='ocrx_word' id='word_1_88' title='bbox 849 1809 1030 1863; x_wconf 84' lang='lat' dir='ltr'><strong><em>Boruseiam</em></strong></span> <span class='ocrx_word' id='word_1_89' title='bbox 1043 1824 1104 1862; x_wconf 83' lang='lat' dir='ltr'><strong><em>non</em></strong></span> <span class='ocrx_word' id='word_1_90' title='bbox 1117 1808 1282 1862; x_wconf 79' lang='lat' dir='ltr'><strong><em>mittendas</em></strong></span> <span class='ocrx_word' id='word_1_91' title='bbox 1293 1809 1488 1874; x_wconf 72' lang='lat' dir='ltr'><strong><em>videtum-5.</em></strong></span> <span class='ocrx_word' id='word_1_92' title='bbox 1499 1807 1541 1864; x_wconf 81' lang='lat' dir='ltr'><strong><em>De</em></strong></span> <span class='ocrx_word' id='word_1_93' title='bbox 1551 1807 1581 1860; x_wconf 88' lang='lat' dir='ltr'><strong><em>li·</em></strong></span> 
     </span>
     <span class='ocr_line' id='line_1_13' title="bbox 405 1895 1577 1967; baseline -0.004 -12"><span class='ocrx_word' id='word_1_94' title='bbox 405 1899 457 1955; x_wconf 78' lang='lat' dir='ltr'><strong><em>bro</em></strong></span> <span class='ocrx_word' id='word_1_95' title='bbox 468 1900 599 1954; x_wconf 84' lang='lat' dir='ltr'><strong><em>doctoris</em></strong></span> <span class='ocrx_word' id='word_1_96' title='bbox 616 1897 801 1954; x_wconf 70' lang='lat' dir='ltr'><strong><em>Tomos-6.</em></strong></span> <span class='ocrx_word' id='word_1_97' title='bbox 818 1897 936 1954; x_wconf 80' lang='lat' dir='ltr'><strong><em>Scholia</em></strong></span> <span class='ocrx_word' id='word_1_98' title='bbox 950 1897 984 1952; x_wconf 83' lang='lat' dir='ltr'><strong><em>in</em></strong></span> <span class='ocrx_word' id='word_1_99' title='bbox 996 1897 1230 1961; x_wconf 78' lang='lat' dir='ltr'><strong><em>oomtilutiones,</em></strong></span> <span class='ocrx_word' id='word_1_100' title='bbox 1239 1896 1310 1967; x_wconf 85' lang='lat' dir='ltr'><strong><em>jam</em></strong></span> <span class='ocrx_word' id='word_1_101' title='bbox 1324 1897 1423 1954; x_wconf 82' lang='lat' dir='ltr'><strong><em>revisa</em></strong></span> <span class='ocrx_word' id='word_1_102' title='bbox 1434 1901 1462 1954; x_wconf 82' lang='lat' dir='ltr'><strong><em>et</em></strong></span> <span class='ocrx_word' id='word_1_103' title='bbox 1473 1895 1577 1960; x_wconf 85' lang='lat' dir='ltr'><strong><em>collata,</em></strong></span> 
     </span>
     <span class='ocr_line' id='line_1_14' title="bbox 404 1981 1577 2058; baseline -0.005 -16"><span class='ocrx_word' id='word_1_104' title='bbox 404 1987 487 2043; x_wconf 84' lang='lat' dir='ltr'><strong><em>brevi</em></strong></span> <span class='ocrx_word' id='word_1_105' title='bbox 498 2004 528 2042; x_wconf 90' lang='lat' dir='ltr'><strong><em>se</em></strong></span> <span class='ocrx_word' id='word_1_106' title='bbox 542 1987 672 2042; x_wconf 87' lang='lat' dir='ltr'><strong><em>Romam</em></strong></span> <span class='ocrx_word' id='word_1_107' title='bbox 684 1986 864 2040; x_wconf 83' lang='lat' dir='ltr'><strong><em>missarum:</em></strong></span> <span class='ocrx_word' id='word_1_108' title='bbox 874 1985 1052 2057; x_wconf 82' lang='lat' dir='ltr'><strong><em>provincias</em></strong></span> <span class='ocrx_word' id='word_1_109' title='bbox 1067 1981 1191 2039; x_wconf 84' lang='lat' dir='ltr'><strong><em>Galliae</em></strong></span> <span class='ocrx_word' id='word_1_110' title='bbox 1204 1984 1337 2040; x_wconf 83' lang='lat' dir='ltr'><strong><em>lustrare</em></strong></span> <span class='ocrx_word' id='word_1_111' title='bbox 1350 1987 1577 2058; x_wconf 59' lang='grc' dir='ltr'><strong>1030εό30ρη01.-</strong></span> 
     </span>
     <span class='ocr_line' id='line_1_15' title="bbox 408 2071 1577 2148; baseline -0.001 -19"><span class='ocrx_word' id='word_1_112' title='bbox 408 2075 538 2130; x_wconf 84' lang='lat' dir='ltr'><strong><em>Romam</em></strong></span> <span class='ocrx_word' id='word_1_113' title='bbox 555 2075 746 2148; x_wconf 67' lang='lat' dir='ltr'><strong><em>cogitat-7.</em></strong></span> <span class='ocrx_word' id='word_1_114' title='bbox 771 2073 811 2130; x_wconf 83' lang='lat' dir='ltr'><strong><em>Ul</em></strong></span> <span class='ocrx_word' id='word_1_115' title='bbox 829 2073 961 2130; x_wconf 78' lang='lat' dir='ltr'><strong><em>Societas</em></strong></span> <span class='ocrx_word' id='word_1_116' title='bbox 977 2073 1049 2146; x_wconf 67' lang='lat' dir='ltr'><strong><em>daei</em></strong></span> <span class='ocrx_word' id='word_1_117' title='bbox 1066 2073 1103 2128; x_wconf 86' lang='lat' dir='ltr'><strong><em>de</em></strong></span> <span class='ocrx_word' id='word_1_118' title='bbox 1119 2071 1198 2127; x_wconf 83' lang='lat' dir='ltr'><strong><em>Alba</em></strong></span> <span class='ocrx_word' id='word_1_119' title='bbox 1214 2091 1234 2128; x_wconf 91' lang='lat' dir='ltr'><strong><em>a</em></strong></span> <span class='ocrx_word' id='word_1_120' title='bbox 1252 2089 1323 2147; x_wconf 84' lang='lat' dir='ltr'><strong><em>rege</em></strong></span> <span class='ocrx_word' id='word_1_121' title='bbox 1339 2073 1504 2147; x_wconf 76' lang='lat' dir='ltr'><strong><em>Hispaniae</em></strong></span> <span class='ocrx_word' id='word_1_122' title='bbox 1513 2089 1577 2128; x_wconf 78' lang='lat' dir='ltr'><strong><em>oom-</em></strong></span> 
     </span>
     <span class='ocr_line' id='line_1_16' title="bbox 404 2160 1576 2235; baseline -0.003 -17"><span class='ocrx_word' id='word_1_123' title='bbox 404 2165 564 2219; x_wconf 82' lang='lat' dir='ltr'><strong><em>memletur</em></strong></span> <span class='ocrx_word' id='word_1_124' title='bbox 572 2161 806 2235; x_wconf 78' lang='lat' dir='ltr'><strong><em>procurandum</em></strong></span> <span class='ocrx_word' id='word_1_125' title='bbox 819 2162 984 2226; x_wconf 81' lang='lat' dir='ltr'><strong><em>existimat,</em></strong></span> <span class='ocrx_word' id='word_1_126' title='bbox 996 2165 1054 2232; x_wconf 80' lang='lat' dir='ltr'><strong><em>pro</em></strong></span> <span class='ocrx_word' id='word_1_127' title='bbox 1067 2160 1140 2215; x_wconf 84' lang='lat' dir='ltr'><strong><em>bono</em></strong></span> <span class='ocrx_word' id='word_1_128' title='bbox 1152 2177 1285 2216; x_wconf 80' lang='lat' dir='ltr'><strong><em>successu</em></strong></span> <span class='ocrx_word' id='word_1_129' title='bbox 1298 2161 1490 2234; x_wconf 79' lang='lat' dir='ltr'><strong><em>collegiorum</em></strong></span> <span class='ocrx_word' id='word_1_130' title='bbox 1499 2161 1576 2216; x_wconf 62' lang='lat' dir='ltr'><strong><em>Flam</em></strong></span> 
     </span>
    </p>
   </div>
   <div class='ocr_carea' id='block_1_5' title="bbox 404 2253 503 2307">
    <p class='ocr_par' dir='ltr' id='par_1_6' title="bbox 404 2253 503 2307">
     <span class='ocr_line' id='line_1_17' title="bbox 404 2253 503 2307; baseline -0.01 0"><span class='ocrx_word' id='word_1_131' title='bbox 404 2253 503 2307; x_wconf 84' lang='lat' dir='ltr'><strong><em>driae.</em></strong></span> 
     </span>
    </p>
   </div>
   <div class='ocr_carea' id='block_1_6' title="bbox 357 2365 1574 3833">
    <p class='ocr_par' dir='ltr' id='par_1_7' title="bbox 357 2365 1574 3833">
     <span class='ocr_line' id='line_1_18' title="bbox 440 2365 1574 2455; baseline -0.001 -20"><span class='ocrx_word' id='word_1_132' title='bbox 440 2386 467 2435; x_wconf 92' lang='lat'><strong><em>1.</em></strong></span> <span class='ocrx_word' id='word_1_133' title='bbox 513 2369 612 2455; x_wconf 89' lang='lat' dir='ltr'><strong><em>Jhus.</em></strong></span> <span class='ocrx_word' id='word_1_134' title='bbox 632 2368 739 2434; x_wconf 91' lang='grc' dir='ltr'><strong>Μο110</strong></span> <span class='ocrx_word' id='word_1_135' title='bbox 756 2367 843 2434; x_wconf 90' lang='lat' dir='ltr'><strong><em>Rdo.</em></strong></span> <span class='ocrx_word' id='word_1_136' title='bbox 864 2369 903 2432; x_wconf 91' lang='lat' dir='ltr'><strong><em>P.</em></strong></span> <span class='ocrx_word' id='word_1_137' title='bbox 919 2367 962 2433; x_wconf 93' lang='lat' dir='ltr'><strong><em>N.</em></strong></span> <span class='ocrx_word' id='word_1_138' title='bbox 975 2365 1009 2431; x_wconf 91' lang='lat' dir='ltr'><strong><em>in</em></strong></span> <span class='ocrx_word' id='word_1_139' title='bbox 1023 2365 1172 2434; x_wconf 89' lang='lat' dir='ltr'><strong><em>Christo.</em></strong></span> <span class='ocrx_word' id='word_1_140' title='bbox 1188 2369 1262 2434; x_wconf 88' lang='lat' dir='ltr'><strong><em>Pax</em></strong></span> <span class='ocrx_word' id='word_1_141' title='bbox 1274 2365 1415 2448; x_wconf 89' lang='lat' dir='ltr'><strong><em>Christi,</em></strong></span> <span class='ocrx_word' id='word_1_142' title='bbox 1429 2377 1491 2436; x_wconf 90' lang='lat' dir='ltr'><strong><em>etc.</em></strong></span> <span class='ocrx_word' id='word_1_143' title='bbox 1505 2365 1574 2434; x_wconf 86' lang='lat' dir='ltr'><strong><em>Cin-</em></strong></span> 
     </span>
     <span class='ocr_line' id='line_1_19' title="bbox 372 2478 1572 2570; baseline -0.001 -21"><span class='ocrx_word' id='word_1_144' title='bbox 372 2504 441 2568; x_wconf 88' lang='lat' dir='ltr'><strong><em>que</em></strong></span> <span class='ocrx_word' id='word_1_145' title='bbox 458 2481 570 2570; x_wconf 79' lang='lat' dir='ltr'><strong><em>giomi</em></strong></span> <span class='ocrx_word' id='word_1_146' title='bbox 587 2483 620 2549; x_wconf 89' lang='lat' dir='ltr'><strong><em>fa</em></strong></span> <span class='ocrx_word' id='word_1_147' title='bbox 636 2481 733 2549; x_wconf 87' lang='lat' dir='ltr'><strong><em>serisi</em></strong></span> <span class='ocrx_word' id='word_1_148' title='bbox 745 2483 810 2548; x_wconf 84' lang='lat' dir='ltr'><strong><em>alla</em></strong></span> <span class='ocrx_word' id='word_1_149' title='bbox 824 2483 865 2548; x_wconf 93' lang='grc' dir='ltr'><strong><em>Ρ.</em></strong></span> <span class='ocrx_word' id='word_1_150' title='bbox 881 2483 924 2547; x_wconf 92' lang='lat' dir='ltr'><strong><em>V.</em></strong></span> <span class='ocrx_word' id='word_1_151' title='bbox 940 2478 974 2547; x_wconf 90' lang='lat' dir='ltr'><strong><em>di</em></strong></span> <span class='ocrx_word' id='word_1_152' title='bbox 988 2483 1172 2562; x_wconf 86' lang='lat' dir='ltr'><strong><em>Brussella,</em></strong></span> <span class='ocrx_word' id='word_1_153' title='bbox 1187 2483 1300 2548; x_wconf 89' lang='lat' dir='ltr'><strong><em>dando</em></strong></span> <span class='ocrx_word' id='word_1_154' title='bbox 1311 2481 1406 2550; x_wconf 86' lang='lat' dir='ltr'><strong><em>auiso</em></strong></span> <span class='ocrx_word' id='word_1_155' title='bbox 1417 2483 1491 2549; x_wconf 86' lang='lat' dir='ltr'><strong><em>dell’</em></strong></span> <span class='ocrx_word' id='word_1_156' title='bbox 1503 2481 1572 2548; x_wconf 85' lang='lat' dir='ltr'><strong><em>erri-</em></strong></span> 
     </span>
     <span class='ocr_line' id='line_1_20' title="bbox 368 2595 1570 2681; baseline -0.001 -17"><span class='ocrx_word' id='word_1_157' title='bbox 368 2596 544 2666; x_wconf 89' lang='lat' dir='ltr'><strong><em>uatadelli</em></strong></span> <span class='ocrx_word' id='word_1_158' title='bbox 559 2597 618 2664; x_wconf 73' lang='lat' dir='ltr'><strong><em>do&#39;i</em></strong></span> <span class='ocrx_word' id='word_1_159' title='bbox 634 2596 738 2664; x_wconf 92' lang='lat' dir='ltr'><strong><em>Padri</em></strong></span> <span class='ocrx_word' id='word_1_160' title='bbox 752 2599 797 2664; x_wconf 93' lang='lat' dir='ltr'><strong><em>D.</em></strong></span> <span class='ocrx_word' id='word_1_161' title='bbox 817 2596 946 2662; x_wconf 87' lang='lat' dir='ltr'><strong><em>Aeosta</em></strong></span> <span class='ocrx_word' id='word_1_162' title='bbox 962 2606 997 2663; x_wconf 92' lang='lat' dir='ltr'><strong><em>et</em></strong></span> <span class='ocrx_word' id='word_1_163' title='bbox 1013 2595 1142 2664; x_wconf 89' lang='lat' dir='ltr'><strong><em>Xauier</em></strong></span> <span class='ocrx_word' id='word_1_164' title='bbox 1158 2597 1183 2680; x_wconf 84' lang='lat'><strong><em>¹,</em></strong></span> <span class='ocrx_word' id='word_1_165' title='bbox 1202 2596 1224 2661; x_wconf 93' lang='lat' dir='ltr'><strong><em>li</em></strong></span> <span class='ocrx_word' id='word_1_166' title='bbox 1241 2595 1334 2681; x_wconf 87' lang='lat' dir='ltr'><strong><em>quali</em></strong></span> <span class='ocrx_word' id='word_1_167' title='bbox 1349 2597 1462 2664; x_wconf 88' lang='lat' dir='ltr'><strong><em>lasciai</em></strong></span> <span class='ocrx_word' id='word_1_168' title='bbox 1481 2598 1570 2663; x_wconf 82' lang='lat' dir='ltr'><strong><em>intro</em></strong></span> 
     </span>
     <span class='ocr_line' id='line_1_21' title="bbox 366 2691 1569 2798; baseline -0.002 -20"><span class='ocrx_word' id='word_1_169' title='bbox 366 2712 453 2778; x_wconf 90' lang='lat' dir='ltr'><strong><em>dotti</em></strong></span> <span class='ocrx_word' id='word_1_170' title='bbox 470 2721 536 2779; x_wconf 87' lang='lat' dir='ltr'><strong><em>con</em></strong></span> <span class='ocrx_word' id='word_1_171' title='bbox 552 2691 656 2796; x_wconf 80' lang='lat' dir='ltr'><strong><em>queili</em></strong></span> <span class='ocrx_word' id='word_1_172' title='bbox 671 2710 802 2798; x_wconf 88' lang='lat' dir='ltr'><strong><em>signori</em></strong></span> <span class='ocrx_word' id='word_1_173' title='bbox 818 2712 905 2778; x_wconf 90' lang='lat' dir='ltr'><strong><em>della</em></strong></span> <span class='ocrx_word' id='word_1_174' title='bbox 922 2709 1061 2779; x_wconf 90' lang='lat' dir='ltr'><strong><em>natione</em></strong></span> <span class='ocrx_word' id='word_1_175' title='bbox 1076 2712 1268 2797; x_wconf 86' lang='lat' dir='ltr'><strong><em>spagnuola</em></strong></span> <span class='ocrx_word' id='word_1_176' title='bbox 1278 2710 1315 2777; x_wconf 91' lang='lat' dir='ltr'><strong><em>in</em></strong></span> <span class='ocrx_word' id='word_1_177' title='bbox 1327 2713 1492 2792; x_wconf 87' lang='lat' dir='ltr'><strong><em>Anuersa,</em></strong></span> <span class='ocrx_word' id='word_1_178' title='bbox 1503 2711 1569 2778; x_wconf 84' lang='lat' dir='ltr'><strong><em>delli</em></strong></span> 
     </span>
     <span class='ocr_line' id='line_1_22' title="bbox 367 2824 1568 2912; baseline -0.001 -19"><span class='ocrx_word' id='word_1_179' title='bbox 367 2827 459 2912; x_wconf 89' lang='lat' dir='ltr'><strong><em>quali</em></strong></span> <span class='ocrx_word' id='word_1_180' title='bbox 478 2829 601 2893; x_wconf 80' lang='lat' dir='ltr'><strong><em>turono</em></strong></span> <span class='ocrx_word' id='word_1_181' title='bbox 616 2828 721 2892; x_wconf 90' lang='lat' dir='ltr'><strong><em>molto</em></strong></span> <span class='ocrx_word' id='word_1_182' title='bbox 737 2825 806 2894; x_wconf 92' lang='lat' dir='ltr'><strong><em>ben</em></strong></span> <span class='ocrx_word' id='word_1_183' title='bbox 827 2825 907 2892; x_wconf 84' lang='lat' dir='ltr'><strong><em>visti</em></strong></span> <span class='ocrx_word' id='word_1_184' title='bbox 927 2837 962 2892; x_wconf 90' lang='lat' dir='ltr'><strong><em>et</em></strong></span> <span class='ocrx_word' id='word_1_185' title='bbox 982 2824 1154 2892; x_wconf 88' lang='lat' dir='ltr'><strong><em>riceuutti.</em></strong></span> <span class='ocrx_word' id='word_1_186' title='bbox 1180 2825 1376 2894; x_wconf 87' lang='lat' dir='ltr'><strong><em>Veniranno</em></strong></span> <span class='ocrx_word' id='word_1_187' title='bbox 1396 2827 1504 2894; x_wconf 85' lang='lat' dir='ltr'><strong><em>subito</em></strong></span> <span class='ocrx_word' id='word_1_188' title='bbox 1520 2847 1568 2912; x_wconf 73' lang='lat' dir='ltr'><strong><em>pet</em></strong></span> 
     </span>
     <span class='ocr_line' id='line_1_23' title="bbox 363 2938 1568 3009; baseline -0.001 -4"><span class='ocrx_word' id='word_1_189' title='bbox 363 2941 502 3008; x_wconf 86' lang='lat' dir='ltr'><strong><em>visitare</em></strong></span> <span class='ocrx_word' id='word_1_190' title='bbox 518 2941 542 3005; x_wconf 96' lang='grc'><strong><em>11</em></strong></span> <span class='ocrx_word' id='word_1_191' title='bbox 557 2941 646 3007; x_wconf 85' lang='lat' dir='ltr'><strong><em>duca</em></strong></span> <span class='ocrx_word' id='word_1_192' title='bbox 661 2940 695 3005; x_wconf 95' lang='lat' dir='ltr'><strong><em>d&#39;</em></strong></span> <span class='ocrx_word' id='word_1_193' title='bbox 713 2941 833 3008; x_wconf 78' lang='lat' dir='ltr'><strong><em>Alua⁸</em></strong></span> <span class='ocrx_word' id='word_1_194' title='bbox 855 2939 890 3006; x_wconf 93' lang='lat' dir='ltr'><strong><em>in</em></strong></span> <span class='ocrx_word' id='word_1_195' title='bbox 906 2960 1007 3007; x_wconf 89' lang='lat' dir='ltr'><strong><em>nome</em></strong></span> <span class='ocrx_word' id='word_1_196' title='bbox 1022 2938 1111 3007; x_wconf 86' lang='lat' dir='ltr'><strong><em>della</em></strong></span> <span class='ocrx_word' id='word_1_197' title='bbox 1128 2941 1166 3007; x_wconf 92' lang='lat' dir='ltr'><strong><em>P.</em></strong></span> <span class='ocrx_word' id='word_1_198' title='bbox 1187 2941 1230 3007; x_wconf 94' lang='lat' dir='ltr'><strong><em>V.</em></strong></span> <span class='ocrx_word' id='word_1_199' title='bbox 1249 2951 1284 3008; x_wconf 88' lang='lat' dir='ltr'><strong><em>et</em></strong></span> <span class='ocrx_word' id='word_1_200' title='bbox 1298 2942 1384 3008; x_wconf 85' lang='lat' dir='ltr'><strong><em>darli</em></strong></span> <span class='ocrx_word' id='word_1_201' title='bbox 1400 2942 1432 3009; x_wconf 89' lang='lat' dir='ltr'><strong><em>la</em></strong></span> <span class='ocrx_word' id='word_1_202' title='bbox 1446 2943 1568 3008; x_wconf 78' lang='grc'><strong>003101-</strong></span> 
     </span>
     <span class='ocr_line' id='line_1_24' title="bbox 364 3054 1568 3141; baseline -0.002 -19"><span class='ocrx_word' id='word_1_203' title='bbox 364 3065 449 3125; x_wconf 84' lang='lat' dir='ltr'><strong><em>tera:</em></strong></span> <span class='ocrx_word' id='word_1_204' title='bbox 469 3076 591 3123; x_wconf 90' lang='lat' dir='ltr'><strong><em>sarano</em></strong></span> <span class='ocrx_word' id='word_1_205' title='bbox 607 3054 784 3122; x_wconf 85' lang='lat' dir='ltr'><strong><em>introdotti</em></strong></span> <span class='ocrx_word' id='word_1_206' title='bbox 799 3056 844 3122; x_wconf 91' lang='lat' dir='ltr'><strong><em>da</em></strong></span> <span class='ocrx_word' id='word_1_207' title='bbox 858 3077 921 3123; x_wconf 89' lang='lat' dir='ltr'><strong><em>sua</em></strong></span> <span class='ocrx_word' id='word_1_208' title='bbox 944 3057 1049 3122; x_wconf 64' lang='lat' dir='ltr'><strong><em>Exca</em></strong></span> <span class='ocrx_word' id='word_1_209' title='bbox 1068 3077 1129 3141; x_wconf 88' lang='lat' dir='ltr'><strong><em>per</em></strong></span> <span class='ocrx_word' id='word_1_210' title='bbox 1149 3056 1218 3122; x_wconf 93' lang='lat' dir='ltr'><strong><em>don</em></strong></span> <span class='ocrx_word' id='word_1_211' title='bbox 1237 3058 1263 3123; x_wconf 90' lang='lat' dir='ltr'>F</span> <span class='ocrx_word' id='word_1_212' title='bbox 1266 3075 1427 3124; x_wconf 88' lang='lat' dir='ltr'><strong><em>rancesco</em></strong></span> <span class='ocrx_word' id='word_1_213' title='bbox 1441 3057 1474 3124; x_wconf 91' lang='lat' dir='ltr'><strong><em>di</em></strong></span> <span class='ocrx_word' id='word_1_214' title='bbox 1492 3059 1568 3123; x_wconf 85' lang='lat' dir='ltr'><strong><em>Fon·</em></strong></span> 
     </span>
     <span class='ocr_line' id='line_1_25' title="bbox 364 3169 1568 3257; baseline -0.001 -20"><span class='ocrx_word' id='word_1_215' title='bbox 364 3191 444 3237; x_wconf 89' lang='lat' dir='ltr'><strong><em>seca</em></strong></span> <span class='ocrx_word' id='word_1_216' title='bbox 460 3172 486 3250; x_wconf 79' lang='lat'><strong><em>⁴,</em></strong></span> <span class='ocrx_word' id='word_1_217' title='bbox 505 3170 528 3235; x_wconf 94' lang='grc'><strong><em>11</em></strong></span> <span class='ocrx_word' id='word_1_218' title='bbox 544 3171 646 3255; x_wconf 86' lang='lat' dir='ltr'><strong><em>quale</em></strong></span> <span class='ocrx_word' id='word_1_219' title='bbox 661 3169 707 3238; x_wconf 88' lang='lat' dir='ltr'><strong><em>mi</em></strong></span> <span class='ocrx_word' id='word_1_220' title='bbox 724 3170 821 3237; x_wconf 83' lang='lat' dir='ltr'><strong><em>offeri</em></strong></span> <span class='ocrx_word' id='word_1_221' title='bbox 838 3170 873 3236; x_wconf 91' lang='lat' dir='ltr'><strong><em>di</em></strong></span> <span class='ocrx_word' id='word_1_222' title='bbox 891 3171 961 3238; x_wconf 87' lang='lat' dir='ltr'><strong><em>fare</em></strong></span> <span class='ocrx_word' id='word_1_223' title='bbox 977 3180 1100 3255; x_wconf 89' lang='lat' dir='ltr'><strong><em>questo</em></strong></span> <span class='ocrx_word' id='word_1_224' title='bbox 1115 3171 1238 3237; x_wconf 83' lang='lat' dir='ltr'><strong><em>officia.</em></strong></span> <span class='ocrx_word' id='word_1_225' title='bbox 1256 3171 1296 3237; x_wconf 91' lang='lat' dir='ltr'><strong><em>In</em></strong></span> <span class='ocrx_word' id='word_1_226' title='bbox 1316 3182 1435 3257; x_wconf 88' lang='lat' dir='ltr'><strong><em>questa</em></strong></span> <span class='ocrx_word' id='word_1_227' title='bbox 1455 3172 1568 3256; x_wconf 84' lang='lat' dir='ltr'><strong><em>rispon·</em></strong></span> 
     </span>
     <span class='ocr_line' id='line_1_26' title="bbox 363 3285 1569 3370; baseline -0.001 -18"><span class='ocrx_word' id='word_1_228' title='bbox 363 3286 446 3354; x_wconf 79' lang='lat' dir='ltr'><strong><em>dero</em></strong></span> <span class='ocrx_word' id='word_1_229' title='bbox 463 3288 685 3364; x_wconf 82' lang='lat' dir='ltr'><strong><em>brenemente</em></strong></span> <span class='ocrx_word' id='word_1_230' title='bbox 701 3308 720 3351; x_wconf 91' lang='lat' dir='ltr'><strong><em>a</em></strong></span> <span class='ocrx_word' id='word_1_231' title='bbox 736 3286 805 3351; x_wconf 87' lang='lat' dir='ltr'><strong><em>due</em></strong></span> <span class='ocrx_word' id='word_1_232' title='bbox 820 3286 910 3354; x_wconf 85' lang='lat' dir='ltr'><strong><em>della</em></strong></span> <span class='ocrx_word' id='word_1_233' title='bbox 927 3287 967 3350; x_wconf 91' lang='lat' dir='ltr'><strong><em>P.</em></strong></span> <span class='ocrx_word' id='word_1_234' title='bbox 987 3287 1046 3365; x_wconf 89' lang='lat' dir='ltr'><strong><em>V.,</em></strong></span> <span class='ocrx_word' id='word_1_235' title='bbox 1065 3305 1134 3350; x_wconf 87' lang='lat' dir='ltr'><strong><em>vna</em></strong></span> <span class='ocrx_word' id='word_1_236' title='bbox 1149 3285 1229 3352; x_wconf 88' lang='lat' dir='ltr'><strong><em>delli</em></strong></span> <span class='ocrx_word' id='word_1_237' title='bbox 1251 3305 1294 3370; x_wconf 87' lang='lat'><strong><em>30</em></strong></span> <span class='ocrx_word' id='word_1_238' title='bbox 1314 3285 1348 3353; x_wconf 90' lang='lat' dir='ltr'><strong><em>di</em></strong></span> <span class='ocrx_word' id='word_1_239' title='bbox 1373 3290 1496 3368; x_wconf 86' lang='lat' dir='ltr'><strong><em>Marzo,</em></strong></span> <span class='ocrx_word' id='word_1_240' title='bbox 1517 3285 1569 3352; x_wconf 85' lang='lat' dir='ltr'><strong><em>che</em></strong></span> 
     </span>
     <span class='ocr_line' id='line_1_27' title="bbox 361 3397 1568 3488; baseline -0.003 -20"><span class='ocrx_word' id='word_1_241' title='bbox 361 3401 474 3487; x_wconf 86' lang='lat' dir='ltr'><strong><em>questi</em></strong></span> <span class='ocrx_word' id='word_1_242' title='bbox 491 3401 603 3488; x_wconf 85' lang='lat' dir='ltr'><strong><em>giorni</em></strong></span> <span class='ocrx_word' id='word_1_243' title='bbox 619 3404 757 3470; x_wconf 87' lang='lat' dir='ltr'><strong><em>haueuo</em></strong></span> <span class='ocrx_word' id='word_1_244' title='bbox 773 3399 955 3482; x_wconf 85' lang='lat' dir='ltr'><strong><em>riceuutta;</em></strong></span> <span class='ocrx_word' id='word_1_245' title='bbox 973 3401 997 3464; x_wconf 91' lang='lat' dir='ltr'><strong><em>l&#39;</em></strong></span> <span class='ocrx_word' id='word_1_246' title='bbox 1015 3401 1101 3466; x_wconf 89' lang='lat' dir='ltr'><strong><em>altra</em></strong></span> <span class='ocrx_word' id='word_1_247' title='bbox 1116 3399 1196 3468; x_wconf 89' lang='lat' dir='ltr'><strong><em>delli</em></strong></span> <span class='ocrx_word' id='word_1_248' title='bbox 1213 3418 1255 3484; x_wconf 87' lang='lat'><strong><em>27</em></strong></span> <span class='ocrx_word' id='word_1_249' title='bbox 1267 3403 1303 3467; x_wconf 89' lang='lat' dir='ltr'><strong><em>d&#39;</em></strong></span> <span class='ocrx_word' id='word_1_250' title='bbox 1316 3402 1446 3487; x_wconf 83' lang='lat' dir='ltr'><strong><em>Aprile,</em></strong></span> <span class='ocrx_word' id='word_1_251' title='bbox 1459 3401 1519 3470; x_wconf 85' lang='lat' dir='ltr'><strong><em>che</em></strong></span> <span class='ocrx_word' id='word_1_252' title='bbox 1531 3397 1568 3466; x_wconf 84' lang='lat' dir='ltr'><strong><em>mi</em></strong></span> 
     </span>
     <span class='ocr_line' id='line_1_28' title="bbox 360 3495 1566 3602; baseline -0.002 -21"><span class='ocrx_word' id='word_1_253' title='bbox 360 3518 397 3582; x_wconf 84' lang='lat' dir='ltr'><strong><em>fu</em></strong></span> <span class='ocrx_word' id='word_1_254' title='bbox 414 3517 494 3585; x_wconf 89' lang='lat' dir='ltr'><strong><em>data</em></strong></span> <span class='ocrx_word' id='word_1_255' title='bbox 509 3515 606 3583; x_wconf 89' lang='lat' dir='ltr'><strong><em>hieri.</em></strong></span> <span class='ocrx_word' id='word_1_256' title='bbox 624 3518 668 3582; x_wconf 88' lang='lat' dir='ltr'><strong><em>Et</em></strong></span> <span class='ocrx_word' id='word_1_257' title='bbox 683 3515 804 3602; x_wconf 89' lang='lat' dir='ltr'><strong><em>prima,</em></strong></span> <span class='ocrx_word' id='word_1_258' title='bbox 823 3525 955 3601; x_wconf 87' lang='lat' dir='ltr'><strong><em>quanto</em></strong></span> <span class='ocrx_word' id='word_1_259' title='bbox 971 3537 992 3581; x_wconf 89' lang='lat' dir='ltr'><strong><em>a</em></strong></span> <span class='ocrx_word' id='word_1_260' title='bbox 1012 3515 1126 3600; x_wconf 88' lang='lat' dir='ltr'><strong><em>quella</em></strong></span> <span class='ocrx_word' id='word_1_261' title='bbox 1146 3514 1181 3580; x_wconf 93' lang='lat' dir='ltr'><strong><em>di</em></strong></span> <span class='ocrx_word' id='word_1_262' title='bbox 1201 3536 1255 3600; x_wconf 87' lang='lat'><strong><em>30.</em></strong></span> <span class='ocrx_word' id='word_1_263' title='bbox 1282 3495 1410 3597; x_wconf 83' lang='lat' dir='ltr'><strong><em>Pensa,</em></strong></span> <span class='ocrx_word' id='word_1_264' title='bbox 1435 3513 1566 3584; x_wconf 87' lang='lat' dir='ltr'><strong><em>secondo</em></strong></span> 
     </span>
     <span class='ocr_line' id='line_1_29' title="bbox 358 3627 1564 3720; baseline -0.001 -24"><span class='ocrx_word' id='word_1_265' title='bbox 358 3633 382 3696; x_wconf 89' lang='lat' dir='ltr'><strong><em>l&#39;</em></strong></span> <span class='ocrx_word' id='word_1_266' title='bbox 400 3631 520 3699; x_wconf 88' lang='lat' dir='ltr'><strong><em>ordine</em></strong></span> <span class='ocrx_word' id='word_1_267' title='bbox 536 3633 602 3699; x_wconf 84' lang='lat' dir='ltr'><strong><em>che</em></strong></span> <span class='ocrx_word' id='word_1_268' title='bbox 617 3631 641 3697; x_wconf 87' lang='lat' dir='ltr'><strong><em>l&#39;</em></strong></span> <span class='ocrx_word' id='word_1_269' title='bbox 660 3652 750 3697; x_wconf 87' lang='lat' dir='ltr'><strong><em>anno</em></strong></span> <span class='ocrx_word' id='word_1_270' title='bbox 767 3640 903 3716; x_wconf 89' lang='lat' dir='ltr'><strong><em>passato</em></strong></span> <span class='ocrx_word' id='word_1_271' title='bbox 921 3627 967 3695; x_wconf 91' lang='lat' dir='ltr'><strong><em>mi</em></strong></span> <span class='ocrx_word' id='word_1_272' title='bbox 983 3630 1063 3698; x_wconf 87' lang='lat' dir='ltr'><strong><em>dete</em></strong></span> <span class='ocrx_word' id='word_1_273' title='bbox 1078 3629 1110 3696; x_wconf 90' lang='grc'><strong><em>13</em></strong></span> <span class='ocrx_word' id='word_1_274' title='bbox 1128 3631 1167 3697; x_wconf 92' lang='grc' dir='ltr'><strong><em>Ρ.</em></strong></span> <span class='ocrx_word' id='word_1_275' title='bbox 1187 3632 1246 3711; x_wconf 95' lang='lat' dir='ltr'><strong><em>V.,</em></strong></span> <span class='ocrx_word' id='word_1_276' title='bbox 1265 3632 1395 3700; x_wconf 89' lang='lat' dir='ltr'><strong><em>hauerli</em></strong></span> <span class='ocrx_word' id='word_1_277' title='bbox 1411 3630 1466 3720; x_wconf 76' lang='lat' dir='ltr'><strong><em>git</em></strong></span> <span class='ocrx_word' id='word_1_278' title='bbox 1482 3649 1564 3697; x_wconf 90' lang='lat' dir='ltr'><strong><em>man·</em></strong></span> 
     </span>
     <span class='ocr_line' id='line_1_30' title="bbox 357 3743 1564 3833; baseline -0.003 -21"><span class='ocrx_word' id='word_1_279' title='bbox 357 3747 437 3815; x_wconf 88' lang='lat' dir='ltr'><strong><em>data</em></strong></span> <span class='ocrx_word' id='word_1_280' title='bbox 453 3748 485 3813; x_wconf 91' lang='grc'><strong><em>13</em></strong></span> <span class='ocrx_word' id='word_1_281' title='bbox 501 3745 602 3814; x_wconf 87' lang='lat' dir='ltr'><strong><em>visita</em></strong></span> <span class='ocrx_word' id='word_1_282' title='bbox 618 3747 697 3815; x_wconf 88' lang='lat' dir='ltr'><strong><em>dell&#39;</em></strong></span> <span class='ocrx_word' id='word_1_283' title='bbox 715 3745 855 3814; x_wconf 84' lang='lat' dir='ltr'><strong><em>inferior</em></strong></span> <span class='ocrx_word' id='word_1_284' title='bbox 868 3744 1064 3824; x_wconf 84' lang='lat' dir='ltr'><strong><em>Germania,</em></strong></span> <span class='ocrx_word' id='word_1_285' title='bbox 1079 3743 1273 3831; x_wconf 78' lang='lat' dir='ltr'><strong><em>imperoche</em></strong></span> <span class='ocrx_word' id='word_1_286' title='bbox 1285 3745 1342 3813; x_wconf 89' lang='lat' dir='ltr'><strong><em>alli</em></strong></span> <span class='ocrx_word' id='word_1_287' title='bbox 1355 3748 1396 3814; x_wconf 91' lang='lat'><strong><em>28</em></strong></span> <span class='ocrx_word' id='word_1_288' title='bbox 1409 3746 1444 3813; x_wconf 93' lang='lat' dir='ltr'><strong><em>di</em></strong></span> <span class='ocrx_word' id='word_1_289' title='bbox 1456 3744 1564 3833; x_wconf 86' lang='lat' dir='ltr'><strong><em>Luglio</em></strong></span> 
     </span>
    </p>
   </div>
   <div class='ocr_carea' id='block_1_7' title="bbox 359 3895 570 3906">
    <p class='ocr_par' dir='ltr' id='par_1_8' title="bbox 359 3895 570 3906">
     <span class='ocr_line' id='line_1_31' title="bbox 359 3895 570 3906; baseline 0 -2"><span class='ocrx_word' id='word_1_290' title='bbox 359 3895 570 3906; x_wconf 78' lang='lat'>—..—</span> 
     </span>
    </p>
   </div>
   <div class='ocr_carea' id='block_1_8' title="bbox 315 3974 1564 4758">
    <p class='ocr_par' dir='ltr' id='par_1_9' title="bbox 355 3974 1564 4226">
     <span class='ocr_line' id='line_1_32' title="bbox 410 3974 1562 4050; baseline -0.003 -18"><span class='ocrx_word' id='word_1_291' title='bbox 410 3980 418 4012; x_wconf 88' lang='lat'>¹</span> <span class='ocrx_word' id='word_1_292' title='bbox 456 3977 501 4032; x_wconf 83' lang='lat' dir='ltr'><strong><em>Ex</em></strong></span> <span class='ocrx_word' id='word_1_293' title='bbox 522 3977 695 4048; x_wconf 87' lang='lat' dir='ltr'><strong><em>archetypo,</em></strong></span> <span class='ocrx_word' id='word_1_294' title='bbox 717 3992 734 4029; x_wconf 84' lang='lat' dir='ltr'><strong><em>a</em></strong></span> <span class='ocrx_word' id='word_1_295' title='bbox 755 3974 890 4045; x_wconf 86' lang='lat' dir='ltr'><strong><em>Jimenez</em></strong></span> <span class='ocrx_word' id='word_1_296' title='bbox 913 3982 1041 4047; x_wconf 82' lang='lat' dir='ltr'><strong><em>exarato,</em></strong></span> <span class='ocrx_word' id='word_1_297' title='bbox 1063 3982 1095 4032; x_wconf 88' lang='lat' dir='ltr'><strong><em>et</em></strong></span> <span class='ocrx_word' id='word_1_298' title='bbox 1116 3975 1230 4030; x_wconf 82' lang='lat' dir='ltr'><strong><em>Natalis</em></strong></span> <span class='ocrx_word' id='word_1_299' title='bbox 1252 3974 1562 4050; x_wconf 82' lang='lat' dir='ltr'><strong><em>manusubscripto,in</em></strong></span> 
     </span>
     <span class='ocr_line' id='line_1_33' title="bbox 355 4062 1564 4138; baseline -0.003 -18"><span class='ocrx_word' id='word_1_300' title='bbox 355 4065 454 4138; x_wconf 82' lang='lat' dir='ltr'><strong><em>Epist.</em></strong></span> <span class='ocrx_word' id='word_1_301' title='bbox 469 4065 587 4134; x_wconf 65' lang='lat' dir='ltr'><strong><em>Natat,</em></strong></span> <span class='ocrx_word' id='word_1_302' title='bbox 601 4064 639 4136; x_wconf 89' lang='lat'><strong><em>11,</em></strong></span> <span class='ocrx_word' id='word_1_303' title='bbox 655 4062 766 4136; x_wconf 87' lang='lat' dir='ltr'><strong><em>duplici</em></strong></span> <span class='ocrx_word' id='word_1_304' title='bbox 778 4062 841 4131; x_wconf 82' lang='grc'><strong>101,</strong></span> <span class='ocrx_word' id='word_1_305' title='bbox 856 4077 908 4132; x_wconf 77' lang='grc'><strong><em>304</em></strong></span> <span class='ocrx_word' id='word_1_306' title='bbox 922 4065 996 4136; x_wconf 84' lang='grc'><strong>(451,</strong></span> <span class='ocrx_word' id='word_1_307' title='bbox 1008 4067 1083 4133; x_wconf 82' lang='lat'><strong>452).</strong></span> <span class='ocrx_word' id='word_1_308' title='bbox 1098 4063 1174 4119; x_wconf 89' lang='lat' dir='ltr'><strong><em>Vide</em></strong></span> <span class='ocrx_word' id='word_1_309' title='bbox 1188 4063 1275 4135; x_wconf 85' lang='lat' dir='ltr'><strong><em>epist.</em></strong></span> <span class='ocrx_word' id='word_1_310' title='bbox 1289 4077 1342 4135; x_wconf 87' lang='lat'><strong><em>515</em></strong></span> <span class='ocrx_word' id='word_1_311' title='bbox 1355 4074 1387 4122; x_wconf 85' lang='lat' dir='ltr'><strong><em>et</em></strong></span> <span class='ocrx_word' id='word_1_312' title='bbox 1398 4078 1461 4138; x_wconf 85' lang='lat'><strong><em>517,</em></strong></span> <span class='ocrx_word' id='word_1_313' title='bbox 1472 4064 1564 4138; x_wconf 80' lang='lat' dir='ltr'><strong><em>quibas</em></strong></span> 
     </span>
     <span class='ocr_line' id='line_1_34' title="bbox 355 4153 611 4226; baseline -0.004 -17"><span class='ocrx_word' id='word_1_314' title='bbox 355 4155 428 4209; x_wconf 83' lang='lat' dir='ltr'><strong><em>haec</em></strong></span> <span class='ocrx_word' id='word_1_315' title='bbox 441 4153 611 4226; x_wconf 88' lang='lat' dir='ltr'><strong><em>respondet.</em></strong></span> 
     </span>
    </p>

    <p class='ocr_par' dir='ltr' id='par_1_10' title="bbox 406 4242 798 4314">
     <span class='ocr_line' id='line_1_35' title="bbox 406 4242 798 4314; baseline -0.005 -17"><span class='ocrx_word' id='word_1_316' title='bbox 406 4247 416 4278; x_wconf 80' lang='lat'><strong>¹</strong></span> <span class='ocrx_word' id='word_1_317' title='bbox 455 4242 532 4297; x_wconf 90' lang='lat' dir='ltr'><strong><em>Vide</em></strong></span> <span class='ocrx_word' id='word_1_318' title='bbox 545 4242 633 4314; x_wconf 87' lang='lat' dir='ltr'><strong><em>epist.</em></strong></span> <span class='ocrx_word' id='word_1_319' title='bbox 649 4253 711 4310; x_wconf 87' lang='lat'><strong><em>520,</em></strong></span> <span class='ocrx_word' id='word_1_320' title='bbox 726 4259 756 4296; x_wconf 90' lang='lat' dir='ltr'><strong><em>n.</em></strong></span> <span class='ocrx_word' id='word_1_321' title='bbox 774 4253 798 4296; x_wconf 88' lang='lat'><strong><em>1.</em></strong></span> 
     </span>
    </p>

    <p class='ocr_par' dir='ltr' id='par_1_11' title="bbox 315 4329 1564 4758">
     <span class='ocr_line' id='line_1_36' title="bbox 405 4329 1346 4402; baseline 0 -16"><span class='ocrx_word' id='word_1_322' title='bbox 405 4333 417 4366; x_wconf 82' lang='lat'>³</span> <span class='ocrx_word' id='word_1_323' title='bbox 454 4330 658 4387; x_wconf 86' lang='lat' dir='ltr'><strong><em>Ferdinandus</em></strong></span> <span class='ocrx_word' id='word_1_324' title='bbox 672 4331 800 4386; x_wconf 86' lang='lat' dir='ltr'><strong><em>Alvarez</em></strong></span> <span class='ocrx_word' id='word_1_325' title='bbox 813 4329 850 4385; x_wconf 91' lang='lat' dir='ltr'><strong><em>de</em></strong></span> <span class='ocrx_word' id='word_1_326' title='bbox 863 4329 987 4385; x_wconf 88' lang='lat' dir='ltr'><strong><em>Toledo.</em></strong></span> <span class='ocrx_word' id='word_1_327' title='bbox 1003 4329 1079 4385; x_wconf 89' lang='lat' dir='ltr'><strong><em>Vide</em></strong></span> <span class='ocrx_word' id='word_1_328' title='bbox 1092 4330 1180 4402; x_wconf 89' lang='lat' dir='ltr'><strong><em>epist.</em></strong></span> <span class='ocrx_word' id='word_1_329' title='bbox 1195 4343 1259 4401; x_wconf 86' lang='lat'><strong><em>497,</em></strong></span> <span class='ocrx_word' id='word_1_330' title='bbox 1273 4349 1302 4386; x_wconf 88' lang='lat' dir='ltr'><strong><em>n.</em></strong></span> <span class='ocrx_word' id='word_1_331' title='bbox 1317 4347 1346 4402; x_wconf 86' lang='lat'><strong><em>9.</em></strong></span> 
     </span>
     <span class='ocr_line' id='line_1_37' title="bbox 315 4417 1563 4493; baseline -0.001 -21"><span class='ocrx_word' id='word_1_332' title='bbox 315 4419 320 4432; x_wconf 79' lang='lat'><strong>¹</strong></span> <span class='ocrx_word' id='word_1_333' title='bbox 402 4420 415 4452; x_wconf 79' lang='lat'><strong>⁴</strong></span> <span class='ocrx_word' id='word_1_334' title='bbox 452 4422 507 4474; x_wconf 89' lang='lat' dir='ltr'><strong><em>«D.</em></strong></span> <span class='ocrx_word' id='word_1_335' title='bbox 522 4421 679 4476; x_wconf 82' lang='lat' dir='ltr'><strong><em>Francisco</em></strong></span> <span class='ocrx_word' id='word_1_336' title='bbox 691 4419 729 4476; x_wconf 89' lang='lat' dir='ltr'><strong><em>de</em></strong></span> <span class='ocrx_word' id='word_1_337' title='bbox 743 4421 922 4490; x_wconf 85' lang='lat' dir='ltr'><strong><em>Fonseca...‚</em></strong></span> <span class='ocrx_word' id='word_1_338' title='bbox 936 4419 1079 4474; x_wconf 83' lang='lat' dir='ltr'><strong><em>VIsetior</em></strong></span> <span class='ocrx_word' id='word_1_339' title='bbox 1091 4417 1128 4474; x_wconf 91' lang='lat' dir='ltr'><strong><em>de</em></strong></span> <span class='ocrx_word' id='word_1_340' title='bbox 1141 4419 1220 4476; x_wconf 81' lang='lat' dir='ltr'><strong><em>Coca</em></strong></span> <span class='ocrx_word' id='word_1_341' title='bbox 1232 4437 1253 4492; x_wconf 88' lang='lat' dir='ltr'><strong>y</strong></span> <span class='ocrx_word' id='word_1_342' title='bbox 1267 4421 1418 4493; x_wconf 81' lang='lat' dir='ltr'><strong><em>Alaejos.»</em></strong></span> <span class='ocrx_word' id='word_1_343' title='bbox 1431 4421 1563 4478; x_wconf 73' lang='grc'><strong>8101111</strong></span> 
     </span>
     <span class='ocr_line' id='line_1_38' title="bbox 347 4505 1562 4582; baseline 0.002 -18"><span class='ocrx_word' id='word_1_344' title='bbox 347 4521 369 4564; x_wconf 82' lang='lat' dir='ltr'><strong>Y</strong></span> <span class='ocrx_word' id='word_1_345' title='bbox 382 4507 523 4578; x_wconf 65' lang='lat' dir='ltr'><strong><em>Casino,</em></strong></span> <span class='ocrx_word' id='word_1_346' title='bbox 540 4509 678 4564; x_wconf 84' lang='lat' dir='ltr'><strong><em>Historia</em></strong></span> <span class='ocrx_word' id='word_1_347' title='bbox 689 4509 888 4582; x_wconf 80' lang='lat' dir='ltr'><strong><em>genealogica</em></strong></span> <span class='ocrx_word' id='word_1_348' title='bbox 899 4509 935 4562; x_wconf 83' lang='lat' dir='ltr'><strong><em>de</em></strong></span> <span class='ocrx_word' id='word_1_349' title='bbox 949 4507 981 4561; x_wconf 89' lang='lat' dir='ltr'><strong><em>la</em></strong></span> <span class='ocrx_word' id='word_1_350' title='bbox 990 4525 1060 4562; x_wconf 88' lang='lat' dir='ltr'><strong><em>casa</em></strong></span> <span class='ocrx_word' id='word_1_351' title='bbox 1070 4508 1107 4562; x_wconf 89' lang='lat' dir='ltr'><strong><em>de</em></strong></span> <span class='ocrx_word' id='word_1_352' title='bbox 1119 4507 1213 4579; x_wconf 75' lang='lat' dir='ltr'><strong><em>lara,</em></strong></span> <span class='ocrx_word' id='word_1_353' title='bbox 1224 4507 1248 4579; x_wconf 93' lang='lat'><strong><em>1,</em></strong></span> <span class='ocrx_word' id='word_1_354' title='bbox 1259 4519 1322 4579; x_wconf 87' lang='lat'>540.</span> <span class='ocrx_word' id='word_1_355' title='bbox 1335 4511 1381 4565; x_wconf 90' lang='lat' dir='ltr'><strong><em>De</em></strong></span> <span class='ocrx_word' id='word_1_356' title='bbox 1392 4511 1447 4566; x_wconf 87' lang='lat' dir='ltr'><strong><em>hoc</em></strong></span> <span class='ocrx_word' id='word_1_357' title='bbox 1455 4505 1562 4580; x_wconf 73' lang='lat' dir='ltr'><strong><em>egregio</em></strong></span> 
     </span>
     <span class='ocr_line' id='line_1_39' title="bbox 346 4593 1564 4671; baseline 0 -22"><span class='ocrx_word' id='word_1_358' title='bbox 346 4597 409 4650; x_wconf 90' lang='lat' dir='ltr'><strong><em>viro</em></strong></span> <span class='ocrx_word' id='word_1_359' title='bbox 422 4595 459 4652; x_wconf 88' lang='lat' dir='ltr'><strong><em>cf.</em></strong></span> <span class='ocrx_word' id='word_1_360' title='bbox 475 4596 640 4660; x_wconf 73' lang='lat' dir='ltr'><strong><em>CABRERA,</em></strong></span> <span class='ocrx_word' id='word_1_361' title='bbox 655 4599 709 4653; x_wconf 88' lang='lat' dir='ltr'><strong><em>loc.</em></strong></span> <span class='ocrx_word' id='word_1_362' title='bbox 725 4597 789 4666; x_wconf 89' lang='lat' dir='ltr'><strong><em>cit.,</em></strong></span> <span class='ocrx_word' id='word_1_363' title='bbox 802 4597 853 4651; x_wconf 88' lang='lat' dir='ltr'><strong><em>tib.</em></strong></span> <span class='ocrx_word' id='word_1_364' title='bbox 873 4596 927 4666; x_wconf 88' lang='lat' dir='ltr'><strong><em>IV,</em></strong></span> <span class='ocrx_word' id='word_1_365' title='bbox 944 4613 1009 4668; x_wconf 84' lang='lat' dir='ltr'><strong><em>cap.</em></strong></span> <span class='ocrx_word' id='word_1_366' title='bbox 1029 4609 1074 4665; x_wconf 80' lang='lat'><strong><em>243</em></strong></span> <span class='ocrx_word' id='word_1_367' title='bbox 1088 4604 1119 4652; x_wconf 84' lang='lat' dir='ltr'><strong><em>et</em></strong></span> <span class='ocrx_word' id='word_1_368' title='bbox 1132 4597 1260 4670; x_wconf 66' lang='lat' dir='ltr'><strong><em>Mudoz,</em></strong></span> <span class='ocrx_word' id='word_1_369' title='bbox 1282 4599 1366 4671; x_wconf 84' lang='lat' dir='ltr'><strong><em>Viaje</em></strong></span> <span class='ocrx_word' id='word_1_370' title='bbox 1379 4601 1415 4657; x_wconf 82' lang='lat' dir='ltr'><strong><em>de</em></strong></span> <span class='ocrx_word' id='word_1_371' title='bbox 1428 4599 1523 4670; x_wconf 81' lang='lat' dir='ltr'><strong><em>Felipe</em></strong></span> <span class='ocrx_word' id='word_1_372' title='bbox 1533 4593 1564 4649; x_wconf 84' lang='lat' dir='ltr'><strong><em>ll</em></strong></span> 
     </span>
     <span class='ocr_line' id='line_1_40' title="bbox 344 4683 1240 4758; baseline 0.001 -19"><span class='ocrx_word' id='word_1_373' title='bbox 344 4683 568 4756; x_wconf 79' lang='lat' dir='ltr'><strong><em>dlnglalerra,</em></strong></span> <span class='ocrx_word' id='word_1_374' title='bbox 581 4701 648 4756; x_wconf 83' lang='lat' dir='ltr'><strong><em>pag.</em></strong></span> <span class='ocrx_word' id='word_1_375' title='bbox 666 4697 725 4755; x_wconf 87' lang='grc'><strong>145.</strong></span> <span class='ocrx_word' id='word_1_376' title='bbox 740 4683 816 4740; x_wconf 86' lang='lat' dir='ltr'><strong><em>Vide</em></strong></span> <span class='ocrx_word' id='word_1_377' title='bbox 828 4701 925 4756; x_wconf 83' lang='lat' dir='ltr'><strong><em>supra,</em></strong></span> <span class='ocrx_word' id='word_1_378' title='bbox 940 4699 1008 4758; x_wconf 80' lang='lat' dir='ltr'><strong><em>pag.</em></strong></span> <span class='ocrx_word' id='word_1_379' title='bbox 1022 4697 1085 4756; x_wconf 85' lang='lat'><strong><em>495,</em></strong></span> <span class='ocrx_word' id='word_1_380' title='bbox 1099 4693 1199 4740; x_wconf 85' lang='lat' dir='ltr'><strong><em>annot.</em></strong></span> <span class='ocrx_word' id='word_1_381' title='bbox 1214 4701 1240 4740; x_wconf 83' lang='lat' dir='ltr'><strong><em>a.</em></strong></span> 
     </span>
    </p>
   </div>
   <div class='ocr_carea' id='block_1_9' title="bbox 0 0 1696 5382">
    <p class='ocr_par' dir='ltr' id='par_1_12' title="bbox 0 0 1696 5382">
     <span class='ocr_line' id='line_1_41' title="bbox 0 0 1696 5382; baseline 0 7"><span class='ocrx_word' id='word_1_382' title='bbox 0 0 1696 5382; x_wconf 95' lang='lat' dir='ltr'><strong><em> </em></strong></span> 
     </span>
    </p>
   </div>
  </div>
 </body>
</html>
