3494 5392
474 535 667 593 Pnooamuu
686 547 793 594 ruarn
811 547 982 595 vouuuuus
1248 553 1302 596 ω

119 697 252 773 tumque
266 687 313 755 de
329 709 370 756 ea
384 687 488 754 domo
503 686 745 776 supprimenda
761 687 976 759 deliberavit.
1000 691 1166 773 Tandem,
1185 691 1344 760 consulto

124 810 250 898 Borgia,
267 813 359 879 duos
373 811 488 880 socios
504 811 552 878 ibi
571 811 708 898 reliquit
723 812 759 879 in
775 813 893 882 eadem
914 815 1016 881 domo
1032 814 1340 898 dominicanorum,

124 936 175 1003 ubi
188 937 504 1020 commorabantur,
521 937 631 1006 donec
646 936 739 1005 aliud
751 959 772 1005 a
786 938 981 1026 praeposito
1002 940 1154 1028 generali
1173 951 1343 1008 statuere-

123 1071 172 1128 tur
184 1061 272 1149 (355,
291 1079 378 1149 391·
382 1079 459 1150 394,
477 1061 566 1148 465).
584 1063 692 1128 Porro
706 1061 743 1128 in
762 1063 994 1130 contractibus
1014 1064 1252 1131 fundationum
1270 1087 1343 1133 ma-

123 1207 215 1272 gmm
232 1185 381 1254 offendit
396 1185 529 1255 Natalis
544 1185 791 1270 difficultatem,
805 1186 933 1274 duplici
945 1187 1157 1275 potissimum
1169 1190 1214 1258 de
1225 1209 1342 1257 causa.

123 1310 228 1377 Primo
242 1310 401 1396 quidem,
423 1309 647 1398 collegiorum
670 1309 883 1379 institutores
905 1312 1050 1400 obligari
1074 1313 1280 1383 Societatem
1300 1312 1344 1380 ad

120 1437 272 1520 dandum,
290 1445 430 1523 praeter
445 1435 627 1523 magistros
640 1435 763 1503 artium
778 1447 814 1504 et
826 1437 1026 1519 litterarum,
1041 1437 1143 1505 etiam
1156 1438 1345 1506 conciona-

124 1573 217 1629 torem
231 1572 268 1630 et
288 1559 487 1647 theologiae
506 1559 643 1628 moralis
663 1562 783 1630 saltem
811 1583 918 1630 unum
940 1564 1103 1630 lectorem
1125 1563 1344 1650 expetebant.

127 1686 156 1750 ld
169 1694 279 1754 autem
295 1684 602 1752 constitutionibus
622 1707 817 1772 repugnare
834 1685 1026 1762 videbatur,
1052 1687 1110 1754 ubi
1126 1689 1168 1754 de
1185 1687 1344 1774 collegio,

126 1831 184 1876 non
201 1811 243 1876 de
264 1808 494 1877 universitate
520 1808 730 1876 instituenda
756 1819 928 1897 ageretur.
959 1812 1079 1880 Altera
1099 1812 1282 1878 difficultas
1303 1833 1347 1879 ex

126 1935 244 2022 ingenti
256 1936 495 2022 professorum
511 1954 654 2002 numero
670 1934 857 2019 oriebatur,
874 1935 933 2022 qui
949 1935 984 2001 in
1001 1937 1146 2003 formula
1160 1935 1348 2002 institutio-

132 2059 175 2126 nis
187 2060 413 2148 collegiorum
429 2059 760 2146 praescribebantur.
775 2060 922 2128 Multum
937 2059 1074 2145 quidem
1095 2060 1261 2127 laboravit
1277 2061 1350 2128 Na-

132 2185 207 2266 talis,
223 2184 315 2252 utin
332 2183 390 2251 his
405 2194 440 2251 et
456 2183 492 2250 in
508 2183 683 2251 dotatione
695 2184 865 2272 exigenda
881 2185 1012 2252 facilior
1034 2183 1206 2272 germanis
1227 2185 1351 2254 redde-

132 2321 212 2378 retur
221 2310 450 2398 collegiorum
463 2309 604 2379 erectio
619 2311 684 2377 Ast
697 2309 756 2376 ubi
769 2309 916 2396 Borgiae
927 2321 1074 2377 mentem
1088 2333 1131 2379 ex
1143 2310 1218 2396 ejus
1229 2309 1352 2376 litteris

129 2435 291 2522 cognovit,
309 2433 403 2500 miro
420 2433 635 2502 obedientiae
647 2435 801 2520 exemplo
813 2433 985 2521 proprium
995 2433 1162 2520 judicium
1175 2432 1347 2520 deposuit,

133 2569 165 2622 ut
176 2579 235 2626 suo
249 2556 462 2628 moderatori
478 2579 605 2625 morem
621 2568 757 2645 gereret
774 2559 949 2646 (439-445,
964 2559 1128 2646 449-456,
1143 2558 1233 2645 477).

171 2683 391 2751 Colonienses
407 2703 558 2768 quoquc,
572 2682 689 2748 multis
701 2681 972 2750 adversariorum
990 2681 1227 2748 vexationibus
1243 2683 1353 2749 obno-

136 2809 208 2890 xios,
223 2820 420 2896 opportune
432 2807 614 2874 admodum
633 2806 750 2874 invisit
762 2807 904 2888 Natalis,
919 2828 1048 2891 eosque
1063 2805 1206 2875 mirifice
1218 2827 1353 2875 recrea-

137 2932 188 2998 uit.
201 2935 269 3000 Nec
284 2935 400 3002 solum
417 2929 531 3000 verbis
545 2941 581 3000 et
596 2930 696 2999 solita
715 2953 777 2998 eos
797 2930 994 2998 affabilitate
1014 2930 1184 2997 consolari
1204 2930 1351 3011 studuit,

137 3058 190 3124 sed
202 3079 300 3144 opere
319 3057 423 3145 plura
443 3057 543 3122 valde
559 3055 654 3122 utilia
670 3054 794 3137 effecit,
818 3055 907 3122 inter
927 3075 1017 3142 quae
1043 3063 1231 3123 memoratu
1247 3054 1353 3142 digna

135 3193 182 3248 est
195 3182 247 3251 illa
262 3183 386 3271 petitio
398 3182 543 3269 Borgiae
561 3185 662 3263 facta,
680 3191 719 3247 ut
742 3180 872 3250 litteras
887 3179 1182 3248 commendatitias
1202 3203 1223 3247 a
1238 3179 1353 3267 ponti-

140 3307 193 3375 fice
208 3312 407 3394 postularet,
427 3329 512 3392 quas
527 3307 664 3392 quidem
680 3306 775 3374 dedit
790 3305 943 3392 pontifex
967 3304 1043 3372 urbi
1067 3315 1101 3372 et
1126 3303 1351 3388 universitati,

141 3451 198 3498 non
208 3433 277 3502 sine
292 3452 433 3501 summo
448 3429 583 3518 collegii
596 3430 826 3500 emolumento
838 3429 928 3518 (405,
942 3430 1032 3515 406).
1052 3430 1239 3496 Pulchrum
1256 3428 1353 3496 insu·
1454 3407 1458 3416 ’

142 3555 285 3640 petillius
301 3554 442 3642 collegii
457 3552 608 3642 elogium
624 3553 759 3640 scripsit
774 3552 918 3635 NataliS,
936 3551 995 3619 ubi
1008 3555 1091 3619 haec
1107 3551 1197 3621 inter
1209 3551 1274 3619 alia
1289 3552 1353 3618 ha-

145 3679 262 3748 bentur:
283 3684 441 3768 «Questo
457 3679 614 3767 collegiO,
634 3679 756 3759 Padre,
775 3678 793 3744 ὲ
810 3678 915 3744 molto
931 3677 1026 3758 utile,
1040 3688 1075 3743 et
1091 3677 1196 3743 molto
1210 3696 1351 3764 pouero,

145 3807 227 3872 etho
240 3829 298 3893 per
314 3816 412 3875 certo
428 3807 493 3872 che
508 3803 603 3871 lddio
618 3802 860 3890 specialmente
879 3822 1046 3870 concorre
1061 3823 1127 3868 con
1143 3822 1220 3870 esso
1235 3809 1271 3866 et
1287 3800 1355 3866 co'l

41 3909 42 3916 ἵ
149 3939 238 3997 rettor
251 3954 328 4002 suo.
348 3933 392 3998 Et
409 3930 607 4012 realmente,
625 3949 723 3996 come
738 3928 785 3994 mi
801 3949 864 3995 son
880 3925 1127 4014 marauegliato
1142 3927 1246 3991 molte
1262 3926 1355 3994 uolte

147 4052 194 4120 del
207 4057 349 4144 collegio
365 4056 409 4124 de
424 4057 546 4135 Roma,
560 4075 658 4122 corne
670 4053 699 4120 si
711 4061 877 4132 sustenta,
892 4049 964 4119 cosi
981 4071 1106 4118 ancora
1120 4050 1156 4116 di
1171 4059 1294 4136 questo
1310 4049 1356 4116 mi

149 4183 351 4270 maraneglio;
369 4191 405 4249 et
420 4180 535 4261 credo,
553 4179 675 4259 Padre,
693 4179 759 4245 che
776 4180 805 4244 c'
824 4176 841 4244 ὲ
859 4177 1004 4261 qualche
1024 4195 1190 4242 concorso
1210 4173 1357 4262 speciale

149 4299 193 4365 del
206 4303 338 4390 signore
354 4302 464 4384 lddio,
482 4325 542 4389 per
558 4302 581 4367 il
596 4324 684 4390 gran
701 4302 807 4367 frutto
823 4301 888 4366 che
904 4303 931 4366 s’
950 4298 968 4366 ὲ
990 4299 1077 4366 fatto
1097 4298 1132 4365 in
1152 4308 1273 4385 questa
1289 4298 1358 4365 cita

153 4433 180 4489 et
189 4428 363 4511 prouincia,
382 4439 418 4498 et
434 4429 465 4494 s'
482 4436 615 4514 aspetta
631 4423 785 4514 magiore
801 4445 867 4491 con
882 4426 916 4490 la
937 4423 1054 4490 diuina
1070 4423 1194 4510 gratia,
1211 4423 1358 4492 essendo

150 4549 244 4617 chesi
258 4554 290 4621 fa
312 4553 395 4640 ogni
411 4573 493 4620 cosa
519 4560 721 4638 puramente
737 4572 799 4636 per
825 4547 947 4616 aiutar'
964 4548 989 4615 l'
1007 4546 1119 4616 anime
1134 4558 1170 4615 et
1189 4549 1318 4615 seruar'
1336 4544 1360 4612 il

158 4671 196 4738 fin
205 4675 254 4744 del
267 4691 383 4746 nostro
400 4674 577 4744 instituto»
596 4673 784 4765 (427-429).
