3494 5392
427 501 461 559 52
810 489 916 545 Ense.
935 487 969 543 P.
991 485 1195 558 Nauna-370

386 639 482 708 llo<1¹
500 641 589 707 anda
608 641 723 710 bueno
744 665 767 728 y
790 639 974 728 diligente,
1000 663 1022 727 y
1048 641 1246 708 Gonzitlez⁸
1274 641 1429 728 pacifieO,
1447 663 1468 726 y
1486 641 1622 710 Saaue-

387 757 475 823 dra³
497 756 598 842 angel
625 756 669 824 de
695 776 758 842 paz
782 756 839 822 del
865 755 1088 841 procurador.
1113 758 1191 823 Don
1207 756 1363 824 Antonio
1379 757 1404 836 ⁸,
1421 758 1548 822 bueno.
1569 757 1617 822 At

386 874 448 939 Dr.
467 872 617 938 Torres⁵
634 893 672 940 se
694 872 837 938 nombro
852 892 916 957 por
930 869 1094 938 visitador
1114 871 1158 938 de
1173 871 1316 938 Castilla
1331 873 1363 938 la
1379 871 1467 956 vieja
1487 893 1510 958 y
1525 891 1616 938 nue-

387 1008 442 1068 ua3
460 1007 495 1072 y,
513 1006 645 1074 porque
660 986 762 1054 hablo
781 986 825 1053 de
840 985 969 1069 visitat,
987 988 1031 1055 V.
1052 987 1093 1053 R.
1114 1009 1168 1054 me
1188 986 1338 1055 enbie'la
1357 986 1464 1055 orden
1488 1007 1556 1072 que
1580 989 1616 1057 le

386 1123 508 1187 pareze
523 1123 561 1169 se
575 1102 665 1170 deue
680 1112 777 1169 tener
791 1123 873 1189 para
888 1103 920 1171 el
935 1100 1048 1168 officio
1060 1101 1104 1169 de
1116 1100 1290 1168 visitador.
1306 1103 1358 1168 Yo
1370 1101 1460 1168 ando
1471 1101 1613 1169 hazien-

386 1218 431 1284 do
446 1222 535 1301 aqut
549 1238 629 1299 vno,
647 1238 721 1284 mas
737 1221 871 1302 querria
887 1229 997 1284 tomar
1014 1218 1057 1284 de
1072 1217 1172 1284 todos
1188 1219 1220 1284 lo
1237 1217 1342 1303 mejor
1359 1239 1441 1304 para
1452 1219 1554 1285 hazer
1565 1237 1615 1284 vn

384 1332 479 1399 buen
494 1329 618 1412 officio,
637 1353 699 1417 por
717 1353 773 1398 ser
789 1343 847 1398 tan
867 1329 1060 1418 inportante
1077 1333 1089 1367 ⁰
1106 1353 1114 1414 ;
1139 1354 1162 1419 y
1177 1331 1206 1398 si
1223 1333 1256 1399 la
1270 1331 1363 1401 dieta
1382 1354 1419 1400 se
1440 1333 1546 1400 anaba
1568 1354 1617 1400 en

383 1445 500 1529 Abril,
521 1448 553 1515 el
574 1449 614 1514 P.
634 1447 802 1514 Ledesma
824 1448 858 1528 io
879 1447 999 1534 podria
1020 1459 1123 1528 traer,
1145 1447 1292 1519 dandole
1308 1450 1352 1517 V.
1377 1450 1417 1515 R.
1435 1449 1542 1518 orden
1565 1450 1612 1519 de

384 1567 483 1629 como
502 1563 537 1629 lo
556 1585 576 1630 a
596 1561 640 1631 de
659 1565 773 1642 hazer‚
798 1583 929 1648 porque
943 1568 964 1629 έι
979 1563 1013 1630 la
1031 1562 1149 1630 buelta
1163 1568 1299 1648 querria
1319 1584 1387 1649 que
1402 1563 1541 1632 visitase
1566 1565 1612 1632 de

383 1675 517 1744 camino
532 1678 638 1764 aigun
653 1677 810 1764 collegio,
829 1701 852 1764 y
868 1699 949 1762 para
964 1687 1039 1744 esto
1051 1699 1096 1744 no
1111 1699 1170 1748 era
1185 1678 1275 1745 malo
1288 1698 1356 1763 que
1371 1679 1403 1746 le
1419 1677 1612 1746 aduerties·

345 1855 349 1864 .
383 1812 445 1860 sen
461 1813 505 1859 en
521 1792 553 1861 el
572 1791 696 1859 officio.

448 1925 482 1989 4.
530 1907 735 1974 Consolome
751 1907 802 1974 las
816 1928 949 1976 nueuas
960 1927 1029 1992 que
1043 1908 1088 1974 V.
1103 1908 1145 1974 R.
1160 1927 1216 1973 me
1227 1907 1271 1974 da
1282 1907 1326 1976 de
1338 1917 1476 1974 nuestra
1489 1927 1610 1994 empe-

382 2022 494 2088 ratriz:
512 2022 676 2108 guirdela
692 2021 788 2102 Dios,
807 2044 829 2108 y
842 2022 966 2108 hagala
979 2031 1037 2088 tan
1052 2031 1171 2088 sancta
1187 2041 1285 2088 como
1296 2022 1429 2090 desseo.
1443 2023 1563 2108 Agora
1575 2023 1608 2089 ie

381 2138 483 2204 enbio
497 2159 546 2203 vn
561 2158 678 2224 agnus
693 2139 762 2203 Dei
777 2159 859 2222 muy
871 2136 949 2204 bien
962 2135 1183 2222 guarnecido.
1199 2137 1266 2204 Las
1276 2137 1407 2202 buenas
1419 2157 1550 2204 nueuas
1563 2138 1609 2207 de

381 2252 431 2321 Su
447 2251 612 2320 Santidad
628 2273 695 2317 van
711 2250 856 2338 siempre
872 2252 1040 2320 adelante.
1060 2251 1150 2319 Caso
1160 2272 1267 2338 agora
1282 2273 1349 2317 vna
1364 2250 1503 2319 sobrina
1519 2273 1608 2338 suya

379 2387 445 2433 con
460 2388 506 2432 vn
522 2366 616 2452 igual
631 2386 731 2452 suy0,
750 2389 772 2452 y
788 2368 819 2436 el
836 2367 916 2432 dote
931 2365 1030 2434 dizen
1044 2387 1110 2450 que
1125 2368 1248 2434 sueton
1268 2385 1352 2433 1000
1371 2383 1421 2446 Δ,
1435 2390 1458 2454 y
1471 2389 1612 2454 avnque

380 2482 518 2550 suessan
546 2499 650 2561 2000,
674 2491 818 2566 espanta
838 2482 870 2546 al
895 2482 1024 2546 mundo
1052 2485 1075 2547 ¹.
1106 2483 1159 2550 De
1179 2502 1294 2548 nueuo
1314 2503 1378 2548 nos
1403 2483 1506 2549 enbio
1528 2493 1609 2550 otro

379 2594 517 2663 sobrino
544 2604 703 2682 pequeno
730 2597 762 2663 al
789 2595 935 2682 collegio
962 2594 1159 2682 germanico
1186 2598 1211 2664 ⁸.
1241 2597 1380 2666 Siruese
1407 2597 1451 2664 de
1478 2599 1606 2665 Rodri-

431 2805 448 2850 <¹
475 2805 535 2872 Sic,
549 2822 602 2879 pro
617 2805 763 2886 Corriilo.

387 2931 597 2943 *—

433 3007 440 3038 ¹
464 3003 516 3059 -P.
531 3003 662 3060 Didacus
675 3004 810 3077 Carrillo,
823 3003 931 3078 dequo
945 3003 1085 3075 frequens
1102 3002 1213 3059 mentio
1230 3004 1260 3060 in
1279 3005 1380 3079 Epist.
1398 3007 1504 3073 Ναὲαὶ,
1518 3009 1541 3080 1,
1558 3010 1611 3066 fa·

377 3098 516 3236 αᾶὀεῐὲ.
533 3180 702 3237 Ludovicus
715 3178 933 3252 Gonealvesda
946 3180 1084 3237 Camars.
1160 3182 1172 3216 ⁸
1209 3181 1247 3237 P.
1268 3181 1374 3239 Petrus
1386 3183 1424 3240 de
1438 3185 1609 3246 Saavedra.

429 3272 441 3305 ⁴
477 3269 514 3326 P.
531 3269 680 3326 Antonius
693 3269 730 3326 de
743 3269 893 3326 Cordoba.
1159 3271 1171 3304 ³
1207 3271 1244 3325 Ρ.
1259 3270 1564 3332 MichaiideTorres.

430 3359 442 3391 ⁶
477 3358 512 3413 In
532 3357 635 3414 codiee
648 3358 802 3424 Vaticano,
824 3357 873 3414 cui
895 3358 1009 3414 titulus:
1030 3357 1126 3413 Vario
1143 3359 1186 3414 od
1209 3360 1386 3415 Societatem
1405 3364 1609 3436 pertinentia,

377 3443 409 3500 ff.
428 3457 496 3514 217r
506 3477 541 3488 -
550 3459 635 3518 mv,
649 3453 747 3502 exstat
760 3446 910 3519 exemplar
923 3444 1076 3518 antiquum
1088 3443 1175 3516 hujus
1188 3445 1301 3501 officiis
1315 3447 1422 3520 Borgia
1435 3451 1608 3528 compositi,
1705 3509 1706 3512 ,

375 3533 424 3590 eui
437 3533 550 3590 Natalis
563 3535 678 3607 propria
692 3551 780 3591 manu
792 3537 865 3591 haec
876 3534 961 3591 initio
969 3532 1092 3590 addidit:
1105 3534 1144 3588 P.
1157 3533 1197 3590 N.
1209 3535 1379 3592 Francisci.
1392 3537 1450 3593 Hic
1463 3545 1610 3598 tractatus

376 3621 470 3678 tribus
488 3623 618 3696 partibus
635 3631 761 3679 constat:
778 3625 824 3678 1.¹
840 3624 886 3678 De
905 3621 953 3695 iis,
970 3637 1046 3693 quae
1065 3621 1245 3694 praecedunt
1258 3621 1470 3682 visitationem.
1489 3629 1537 3682 2.·
1555 3629 1605 3684 De

375 3711 437 3783 ipsa
455 3711 639 3768 visitatione.
661 3711 709 3768 3.·
731 3713 777 3768 De
793 3711 840 3783 iis,
858 3727 935 3784 quae
952 3711 1046 3783 ipsam
1067 3719 1299 3783 consequuntur.
1317 3711 1383 3769 Foi.
1401 3727 1464 3785 222,
1486 3717 1606 3774 accedit

374 3800 521 3874 appendix
542 3799 580 3856 de
596 3800 759 3866 visitatore,
781 3800 832 3873 qui
854 3797 1052 3872 apraeposito
1067 3797 1200 3870 generali
1214 3799 1350 3856 mittitur.
1370 3801 1436 3858 Ine.
1453 3802 1507 3861 iol.
1522 3805 1603 3862 218r:

375 3890 544 3960 «Quaedam
558 3889 807 3962 praecedunt...»
821 3890 895 3944 Des.
918 3887 968 3943 iol.
986 3890 1311 3958 222v«...genera1em
1325 3887 1494 3948 admoneat.
1503 3913 1516 3944 n

426 3979 436 4011 ¹
473 3980 601 4034 «Puellis
615 3996 687 4034 vero
696 3978 753 4034 sibi
767 3995 805 4034 ex
818 3993 918 4034 sorore
933 3975 1104 4050 propinquis
1118 3975 1207 4048 (quod
1220 3993 1277 4049 ego
1295 3978 1358 4050 ipse
1372 3979 1491 4052 publica
1503 3991 1605 4040 aucto·

373 4067 459 4122 ritate
476 4067 599 4123 firmatis
613 4067 798 4123 documentis
811 4072 953 4122 testatum
971 4065 1044 4137 vidi)
1061 4064 1195 4136 erogavit
1211 4065 1242 4122 in
1255 4065 1355 4122 dotem
1374 4069 1500 4140 singulis
1521 4072 1606 4128 mille
1688 4122 1695 4145 ‚

372 4171 486 4211 aureos:
499 4155 607 4229 quibus
621 4156 687 4212 iliae
700 4158 804 4213 ambae
817 4171 835 4210 a
847 4155 909 4210 suis
923 4154 954 4210 in
968 4153 1184 4210 matrimonium
1194 4155 1327 4210 honestis
1340 4156 1412 4213 viris
1425 4159 1489 4230 pari
1501 4161 1605 4216 condi-

373 4243 453 4300 tione
465 4253 534 4300 sunt
547 4247 741 4301 collocatae.»
756 4245 933 4315 (ὶΑΒυτιυε,
950 4243 1020 4298 Vita
1033 4243 1073 4298 Β.
1092 4243 1146 4298 Pii
1161 4243 1193 4311 V,
1209 4242 1264 4298 lib.
1283 4245 1333 4316 vl,
1346 4261 1413 4318 cap.
1428 4259 1517 4319 v1,n.
1536 4247 1602 4322 377,

371 4331 447 4405 apud
459 4335 536 4389 Aeto
547 4338 721 4390 sanctorum
734 4332 937 4402 Bollandiana‚
950 4339 1025 4388 tom.
1042 4332 1055 4386 Ι
1069 4331 1148 4404 Maji,
1164 4348 1233 4404 pag.
1251 4344 1315 4402 712.
1567 4325 1571 4330 ’

422 4424 434 4457 ⁸
470 4423 633 4495 «Philippo,
645 4421 830 4487 Sebastiano,
842 4421 984 4486 Antonio,
996 4419 1132 4477 Michacili
1142 4427 1173 4475 et
1183 4419 1301 4492 Josnni,
1312 4423 1407 4479 bonae
1417 4422 1525 4480 indolis
1535 4426 1604 4483 ado-

369 4511 549 4567 lescentibus
566 4510 793 4582 consanguineis
811 4510 889 4583 suis,
907 4509 1051 4582 Paganini
1068 4508 1189 4565 Gislerii
1211 4510 1389 4567 Boschensis
1406 4511 1550 4584 legitimis
1566 4531 1602 4570 ac

367 4601 549 4656 naturalibus
566 4599 645 4670 filiis,
659 4599 783 4671 singulis
800 4599 944 4656 ducentos
961 4595 1089 4670 [aureos]
1109 4597 1321 4669 assignavit...
1345 4599 1526 4674 eosdemque
1543 4603 1601 4674 pri·

367 4705 446 4745 mum
457 4689 487 4745 in
497 4689 578 4747 Urbe
588 4689 619 4744 in
628 4687 803 4744 Germanico
812 4685 938 4758 collegio
947 4687 1066 4759 optimis
1073 4685 1236 4759 disciplinis
1244 4703 1279 4743 ac
1289 4687 1418 4745 moribus
1426 4688 1558 4748 institui.
1568 4732 1592 4750 ..
