3456 5386
400 533 433 588 94
784 519 887 574 Errsr.
907 515 942 572 P.
962 513 1169 586 Ninia-384

366 667 535 749 ueniatur,
550 666 579 734 si
592 687 762 736 recessum
778 681 818 754 55
832 669 912 755 annj
929 669 1134 737 confirment
1146 677 1256 736 status
1272 667 1441 736 catholici.
1458 669 1596 740 Deinde

366 796 406 852 ut
420 796 530 852 status
545 784 648 871 ijdem
664 785 708 851 ad
722 784 863 854 liberam
884 795 920 854 et
940 795 1092 871 apertam
1113 784 1358 871 professionem
1375 785 1511 873 concilij
1531 789 1575 852 tri
1589 827 1595 836 -

366 901 496 968 dentini
520 911 784 987 promoneantur
805 899 1079 968 constantissime
1102 911 1205 985 atque
1230 900 1482 984 efficacissime,
1504 923 1594 988 qua·

365 1038 514 1102 cumque
528 1017 666 1083 demum
681 1015 717 1082 id
733 1016 866 1084 ratione
880 1015 1028 1098 faciant,
1042 1017 1143 1083 modo
1162 1015 1313 1102 ipsorum
1335 1016 1420 1086 fides
1437 1017 1593 1104 pontifici

365 1132 511 1198 maximo
527 1141 685 1200 constare
700 1130 817 1218 possit.
836 1130 895 1200 Sic
910 1131 1001 1200 enirn
1012 1129 1201 1218 suspitione
1212 1151 1251 1200 se
1262 1131 1355 1218 ipsos
1366 1131 1523 1213 liberare,
1541 1133 1592 1199 sic

365 1247 509 1314 offitium
524 1267 626 1313 suum
646 1245 851 1313 catholicum
872 1247 1028 1332 probare,
1047 1245 1096 1313 sic
1116 1255 1151 1314 et
1171 1245 1325 1333 pontifici
1346 1246 1494 1314 maximo
1516 1247 1594 1314 ani·

368 1383 459 1428 mum
477 1362 542 1428 sibi
557 1362 696 1447 suisque
711 1361 865 1446 eeclesijs
881 1360 1060 1428 conciliare
1076 1361 1299 1429 videbuntur.

433 1478 615 1545 Caeterum
632 1477 673 1557 si,
690 1477 783 1561 quod
799 1477 974 1558 uolumus,
992 1478 1058 1544 hoc
1078 1476 1122 1542 ab
1143 1476 1208 1544 illis
1228 1499 1298 1544 non
1321 1477 1491 1563 possimus
1507 1498 1596 1544 con·

365 1593 475 1678 sequi,
493 1593 717 1678 quodtamen
734 1594 934 1661 tentandum
951 1591 1060 1658 modis
1080 1592 1239 1660 omnibus
1261 1603 1297 1660 et
1317 1594 1596 1661 contendendum

365 1719 430 1789 est,
449 1707 531 1773 illud
547 1728 725 1793 superesse
739 1706 886 1789 uidetur,
904 1716 944 1774 ut
964 1707 1065 1774 lllu·
1083 1710 1127 1775 D.
1147 1709 1282 1794 legatus
1305 1709 1395 1795 apud
1415 1707 1492 1776 illos
1513 1709 1598 1777 edat

366 1844 436 1890 non
462 1825 642 1889 obscuram
670 1822 955 1910 significationem
979 1823 1081 1908 animj
1102 1823 1173 1904 sui,
1192 1845 1259 1908 qua
1287 1834 1448 1891 testatum
1475 1823 1592 1902 faciat,

366 1951 559 2025 suspectam
572 1941 663 2005 hanc
674 1937 821 2020 illorum,
830 1939 866 2005 in
877 1962 913 2008 re
925 1938 1065 2007 salutari
1075 1961 1115 2006 ac
1124 1939 1326 2020 necessaria,
1336 1939 1595 2026 tergiversatio-

367 2075 444 2121 nem
461 2053 575 2121 sibiet
596 2053 749 2139 pontifici
769 2053 916 2122 maximo
931 2076 1000 2121 non
1021 2076 1121 2140 posse
1140 2076 1209 2122 non
1230 2054 1411 2122 admodum
1433 2054 1595 2142 displice-

367 2192 415 2238 re.
434 2172 615 2237 Praeterea
626 2168 736 2236 minas
747 2169 974 2256 interponere,
989 2180 1024 2237 et
1036 2181 1200 2238 terrorem
1216 2168 1282 2236 illis
1297 2170 1436 2256 inijcere
1452 2171 1590 2256 poterit,

367 2284 549 2372 propositis
565 2309 607 2354 ex
623 2287 687 2352 hac
699 2284 970 2352 dissimulatione
982 2297 1017 2352 et
1030 2285 1313 2372 tergiuersatione
1325 2285 1548 2353 incommodis
1560 2297 1597 2355 et

367 2399 538 2488 periculis,
552 2422 640 2486 quae
656 2400 845 2469 secundum
858 2399 1050 2484 sapientum
1066 2399 1191 2466 iudicia
1206 2412 1460 2485 consequutura
1475 2400 1596 2469 viden·

368 2527 434 2582 tur.
454 2515 545 2583 Addi
560 2526 684 2601 potest,
702 2515 830 2581 nullam
847 2515 1010 2601 reliquam
1023 2538 1098 2584 esse
1110 2537 1219 2602 spem,
1233 2515 1495 2602 prudentissimo
1511 2530 1547 2585 et
1559 2517 1595 2583 in

366 2631 420 2698 his
431 2633 532 2699 rebus
543 2629 824 2698 exercitatissimo
836 2630 1002 2716 pontifici,
1012 2629 1251 2717 persuadendi,
1262 2615 1372 2698 status
1383 2634 1447 2699 hos
1458 2632 1502 2699 ab
1514 2634 1596 2700 hae·

367 2769 481 2817 reseos
497 2746 685 2833 suspitione
699 2745 824 2812 liberos
840 2767 927 2826 esse,
946 2744 1011 2813 nisi
1028 2745 1202 2814 tridentini
1219 2747 1352 2832 concilij
1370 2747 1470 2815 fidem
1488 2749 1595 2834 proii-

367 2874 514 2931 teantur.
538 2863 581 2928 Et
602 2863 692 2947 apud
719 2863 763 2928 N.
787 2861 968 2947 praecipue
988 2863 1177 2928 curandum
1198 2862 1344 2942 videtur,
1367 2874 1405 2929 ut
1428 2863 1594 2932 ecclesiae

366 2979 554 3044 aduncatus
576 2976 612 3042 in
633 2997 669 3042 re
691 2988 758 3043 tam
779 2978 935 3056 honesta,
954 2988 988 3045 et
1007 2978 1051 3043 ad
1073 2977 1177 3043 totius
1198 2977 1372 3064 religionis
1394 2977 1428 3043 in
1450 2977 1594 3065 imperio

365 3094 582 3159 commodum
595 3091 769 3178 publicum
782 3091 985 3172 necessaria,
1000 3093 1152 3179 legatum
1163 3090 1272 3173 iuuet,
1286 3114 1326 3160 ac
1340 3092 1443 3160 totius
1455 3115 1593 3180 germa-

367 3207 444 3275 niae
460 3206 597 3272 utilitati
612 3218 718 3291 atque
734 3206 928 3274 necessitati
945 3209 1113 3274 consulat.

434 3322 570 3406 Quibus
591 3322 795 3404 rationibus,
813 3321 842 3388 si
863 3321 947 3387 nihil
967 3323 1176 3408 proficiatur,
1195 3322 1379 3410 significari
1405 3323 1528 3409 poterit
1549 3325 1595 3394 de

366 3437 609 3524 protestatione
624 3437 881 3523 interponenda,
900 3437 1050 3505 sedeam
1069 3448 1180 3504 tamen
1194 3438 1330 3505 differre
1341 3438 1469 3519 licebit,
1485 3459 1595 3524 usque

368 3553 411 3619 ad
427 3573 626 3638 responsum
642 3551 812 3638 pontilicis
828 3574 870 3619 ex
888 3555 970 3619 urbe
987 3554 1220 3621 adserendum.
1241 3559 1320 3622 Mox
1337 3576 1419 3622 uero
1439 3554 1595 3622 scriben-

367 3669 461 3748 dum,
484 3681 518 3734 et
538 3667 713 3734 celerrime
733 3666 868 3752 quidem
889 3668 932 3734 ad
959 3667 1155 3754 pontificem
1178 3669 1364 3735 maximum
1389 3669 1592 3736 mittendum

369 3783 516 3864 uidetur,
531 3795 569 3848 ut
582 3781 610 3848 is
622 3781 790 3868 intelligat
802 3782 998 3868 diligentiae
1010 3785 1176 3850 hactenus
1186 3784 1357 3851 adhibitae
1369 3784 1545 3865 rationem,
1557 3795 1591 3854 et

367 3921 487 3966 causas
499 3898 622 3966 dilatae
639 3897 903 3982 protestationis,
917 3908 952 3964 et
967 3909 1094 3965 statum
1113 3897 1215 3965 totius
1232 3899 1375 3986 negotij,
1390 3911 1424 3967 et
1437 3899 1589 3967 inciden-

369 4025 421 4082 tes
434 4013 487 4080 hic
497 4015 675 4080 doctorum
686 4011 915 4080 dubitationes
927 4033 966 4079 ac
979 4011 1207 4094 difficultates
1220 4016 1262 4081 ob
1275 4037 1360 4100 quas
1370 4016 1505 4102 legatus
1516 4015 1592 4101 ipse

368 4151 439 4197 non
455 4129 602 4215 potuerit
618 4128 702 4197 certi
717 4127 844 4213 aliquid
858 4127 893 4194 in
911 4149 947 4195 re
964 4127 1049 4194 tanti
1070 4129 1231 4198 momenti
1253 4131 1474 4214 constituere,
1493 4153 1594 4218 prae-

367 4245 482 4313 sertim
495 4267 573 4312 cum
591 4244 722 4312 uideret
738 4256 892 4330 apertum
905 4245 940 4310 id
953 4266 1021 4311 non
1034 4267 1121 4326 esse,
1137 4247 1228 4330 quod
1241 4267 1397 4314 recessus
1410 4247 1488 4333 annj
1510 4261 1592 4332 1555

368 4359 512 4427 concilio
530 4360 724 4440 tridentino,
742 4363 855 4445 quoad
871 4362 1044 4447 dogmata,
1062 4360 1321 4446 praeiudicaret.
1341 4361 1478 4429 Interim
1494 4363 1595 4448 quic-

368 4474 449 4561 quid
465 4475 616 4562 pontifex
633 4475 801 4542 maximus
817 4476 1024 4557 decreuerit,
1044 4475 1078 4543 id
1100 4498 1178 4544 cum
1201 4478 1340 4544 allatum
1358 4480 1426 4544 huc
1448 4501 1490 4546 ex
1511 4480 1595 4545 vrbe

369 4590 482 4670 fuerit,
501 4589 720 4676 exequutioni
743 4591 856 4659 statim
878 4593 1154 4660 demandandum
1173 4613 1250 4659 esse
1266 4592 1505 4678 promittatur:
1525 4595 1593 4660 sal-

370 4728 452 4774 uum
469 4705 559 4773 enirn
575 4729 615 4774 ac
631 4705 802 4795 integrum
819 4707 970 4794 pontifici
987 4708 1039 4774 ius
1060 4717 1185 4789 manet,
1205 4717 1255 4788 ut,
1274 4709 1368 4793 quod
1383 4707 1456 4796 ipse
1472 4709 1595 4776 uolue-
