3414 5374
425 501 481 559 704
647 536 653 547 ,
814 485 918 546 Emst.
939 479 973 536 Ρ.
994 478 1197 548 Nemo-587

388 643 447 722 ha,
464 649 499 709 et
514 639 544 706 si
559 638 701 706 scriuird
717 637 783 704 alla
800 640 840 704 P.
859 636 903 702 V.
917 635 1035 719 primo
1056 654 1185 720 quoquc
1205 638 1351 718 tempore
1381 633 1403 700 ¹.
1427 633 1470 700 D.
1495 633 1531 698 Ρ.
1552 635 1588 700 V.

389 777 491 824 seruo
505 755 542 822 in
558 753 635 836 X.⁰,

1196 874 1382 1050 iNApu·
1409 872 1430 961 †

455 1101 638 1185 Inscriplio
653 1120 676 1163 a
692 1103 799 1184 tergo,
815 1118 923 1164 manu
944 1097 1066 1164 Patris
1087 1096 1215 1162 Natat:
1235 1095 1258 1184 †
1278 1095 1372 1162 Patri
1393 1105 1502 1163 nostro
1522 1097 1587 1165 soli.

387 1217 471 1282 Alia
485 1235 604 1281 manu:
625 1227 719 1297 1575.
739 1211 822 1280 Sine
836 1213 927 1279 data.

959 1403 1047 1466 ost

720 1532 761 1598 Ρ.
787 1531 1095 1600 HIERONYMUS
1119 1530 1284 1598 NADAL

625 1663 762 1719 PATRI
789 1661 1037 1719 EVERARDO
1067 1657 1372 1721 MERCURIANO

748 1791 867 1850 notin,
885 1776 923 1832 30
939 1789 1119 1833 novmmms
1138 1787 1206 1846 157⁵
1226 1781 1248 1832 ¹.

460 1897 507 1951 Dc
519 1913 573 1950 suo
585 1895 662 1950 socio
674 1898 703 1950 et
714 1895 751 1949 dc
758 1895 914 1966 proposito
929 1891 1048 1948 canisii
1058 1892 1208 1948 scribendi
1219 1896 1325 1948 contra
1336 1893 1520 1950 haereticum.

455 2020 478 2109 †
517 2021 624 2087 Molto
637 2019 723 2087 Rdo.
739 2022 780 2086 Ρ.
795 2019 839 2085 Ν.
855 2016 889 2084 in
901 2017 966 2084 Χ.ο
979 2019 1051 2084 Pax
1063 2016 1120 2085 X.¹
1139 2017 1217 2084 Non
1232 2019 1278 2084 ho
1288 2018 1395 2086 letera
1405 2019 1488 2088 della
1500 2021 1533 2086 P.
1544 2021 1582 2085 V.

387 2157 409 2202 a
424 2137 490 2203 che
504 2134 692 2220 risponder.
712 2134 761 2200 La
776 2133 894 2199 vltima
909 2133 928 2200 ὲ
943 2141 1031 2199 stata
1049 2131 1084 2198 di
1104 2123 1199 2199 tanta
1219 2131 1428 2200 consolation
1451 2156 1507 2220 per
1526 2155 1584 2214 me,

386 2253 452 2317 che
467 2249 515 2316 mi
530 2249 598 2335 pud
613 2250 727 2315 bastar
743 2270 802 2334 per
818 2247 912 2314 molti
932 2245 1024 2314 anni.
1048 2248 1098 2314 La
1117 2247 1196 2332 lego
1216 2247 1343 2332 alguna
1363 2248 1454 2314 volta
1474 2271 1528 2334 per
1546 2248 1585 2314 ri-

385 2365 551 2444 cremon,
570 2375 605 2430 et
620 2363 666 2429 mi
683 2385 743 2449 par
758 2364 880 2449 legger
895 2364 928 2429 la
948 2361 1117 2447 syncetitd
1138 2371 1172 2430 et
1193 2362 1347 2429 saldezza
1369 2362 1404 2429 di
1426 2383 1512 2430 amor
1532 2384 1586 2429 suo

386 2501 487 2548 verso
501 2479 535 2545 di
551 2501 617 2547 me.
636 2482 694 2546 Ma
710 2478 847 2563 quando
863 2477 948 2544 miro
964 2477 999 2543 di
1015 2475 1082 2557 chi,
1100 2477 1172 2542 cui?
1185 2477 1219 2544 lt
1230 2476 1276 2543 mi
1293 2479 1473 2560 confundo,
1485 2488 1517 2544 et
1527 2499 1584 2544 non

384 2617 426 2662 so
440 2596 528 2661 altro
542 2595 609 2661 che
626 2592 830 2658 humillarmi
850 2591 980 2659 diuanti
996 2590 1030 2657 di
1046 2590 1141 2658 Iddio
1158 2602 1193 2659 et
1208 2591 1296 2660 della
1311 2593 1351 2658 Ρ.
1371 2593 1414 2660 V.
1431 2591 1474 2660 Di
1487 2593 1585 2677 quello

383 2711 449 2776 che
464 2707 587 2776 scrisse
603 2708 636 2774 al
652 2728 745 2774 mese
760 2717 896 2793 passato
916 2727 1014 2774 cerea
1029 2706 1118 2774 delle
1133 2705 1342 2773 annotationi
1356 2717 1393 2774 et
1411 2707 1583 2775 meditatio

382 2823 432 2903 ni,
450 2845 519 2890 non
536 2823 583 2887 mi
599 2843 692 2890 eur0.
719 2821 841 2889 Faccia
861 2824 905 2889 V.
931 2824 972 2889 Ρ.
996 2822 1075 2906 quel
1099 2823 1162 2889 che
1184 2819 1233 2908 gli
1259 2821 1390 2907 parerd,
1415 2821 1581 2888 liberrima·

383 2948 511 3005 mente.
530 2938 567 3002 10
582 2941 660 3004 sard
676 2958 744 3002 con
759 2937 791 3002 la
807 2934 918 3023 gratia
933 2936 989 3002 del
1004 2934 1130 3021 Signor
1145 2934 1410 3003 contentissimo.
1429 2919 1582 3006 Evenuto

383 3051 407 3119 il
429 3055 469 3120 P.
493 3051 647 3136 Georgio
663 3051 807 3118 Rotario
830 3052 861 3117 al
881 3049 1045 3137 principio
1065 3049 1100 3116 di
1121 3059 1242 3134 questo
1258 3071 1361 3133 mese,
1379 3061 1580 3138 grauemente

381 3167 528 3234 amalato
544 3164 579 3231 di
595 3176 733 3260 terceno
748 3164 861 3251 dopia;
880 3167 923 3232 nd
939 3175 992 3232 sta
1008 3186 1132 3233 ancora
1143 3165 1269 3252 meglio
1281 3167 1306 3232 ³.
1324 3166 1352 3232 ll
1362 3166 1491 3234 medico
1500 3185 1581 3254 spera

380 3283 482 3350 bene.
501 3281 538 3347 Io
554 3280 664 3347 vorrei
681 3279 885 3366 ripresentar
901 3280 966 3361 nlla
982 3283 1023 3347 P.
1042 3283 1086 3348 V.
1105 3283 1169 3349 che
1185 3301 1222 3348 se
1238 3279 1287 3368 gli
1301 3303 1394 3368 pare,
1411 3282 1517 3348 scriua
1529 3282 1581 3346 che

380 3418 451 3463 non
477 3397 511 3462 lo
539 3395 706 3481 occupino
729 3393 764 3460 in
789 3396 874 3462 altra
893 3417 974 3464 cosa
992 3397 1058 3464 che
1081 3395 1116 3461 in
1142 3393 1352 3483 agiuttarmi,
1377 3417 1473 3464 come
1495 3395 1578 3464 etiam

380 3510 538 3580 desidera
553 3509 602 3577 lui
621 3519 650 3592 ⁸,
669 3519 704 3578 et
724 3512 789 3578 che
810 3509 858 3597 gli
877 3509 933 3578 dia
953 3532 1019 3578 con
1041 3512 1169 3598 alguna
1190 3510 1287 3579 litera
1313 3511 1426 3579 animo
1447 3535 1504 3599 per
1523 3511 1576 3576 cio.

380 3624 588 3706 Perdonimi,
608 3625 729 3705 Padre,
747 3626 781 3691 la
800 3625 1034 3712 importunitd.
1057 3629 1136 3694 Non
1155 3626 1175 3694 ὲ
1195 3625 1320 3694 intrato
1338 3649 1463 3696 ancora
1481 3629 1503 3693 l'
1526 3629 1577 3710 hy-

249 3791 251 3796 .
377 3761 488 3806 uerno
502 3763 562 3827 per
578 3739 612 3805 di
628 3761 709 3824 qua,
727 3752 761 3806 et
776 3739 810 3806 io
826 3740 871 3806 mi
895 3751 994 3807 trouo
1014 3741 1139 3828 meglio
1161 3744 1225 3810 che
1243 3743 1269 3806 l'
1289 3763 1380 3809 anno
1405 3752 1531 3828 passato
1549 3738 1576 3802 in

377 3867 501 3942 questo
516 3865 641 3942 tempo.
666 3857 869 3922 Benedictus
889 3859 996 3924 Deus.
1020 3858 1079 3927 Sia
1097 3877 1158 3943 per
1181 3855 1319 3924 seruitio
1340 3857 1375 3924 di
1397 3879 1460 3924 sua
1480 3855 1575 3924 diuina

377 3971 547 4057 Magestd.
566 3972 593 4038 Ι1
609 3972 650 4037 Ρ.
670 3971 808 4038 Canisio
824 3974 869 4038 ha
884 3971 1025 4059 pigliata
1047 3973 1080 4040 la
1102 3993 1204 4040 mano
1224 3971 1258 4039 di
1278 3972 1454 4059 n'sponder
1471 3996 1490 4040 a
1513 3967 1575 4056 quel

375 4085 529 4154 heretico
545 4088 608 4152 che
624 4086 669 4152 ha
684 4085 788 4152 serito
803 4097 922 4153 contra
937 4088 969 4155 le
981 4098 1097 4155 nostre
1108 4089 1225 4155 schole
1236 4099 1271 4156 et
1283 4088 1500 4170 catechismo,
1512 4107 1575 4174 pef-

427 4273 445 4306 ⁸
473 4263 538 4318 Hoc
552 4264 635 4317 verb.
651 4280 738 4335 supra
752 4280 832 4320 vers.
851 4263 963 4320 addidit
975 4265 1013 4320 N.

377 4368 577 4382 —u———5

429 4413 438 4444 ¹
476 4411 552 4467 Vide
566 4411 721 4484 epistolam
734 4421 922 4486 sequentem.

425 4503 438 4536 ¹
475 4501 520 4556 Ex
541 4502 733 4573 autographo,
751 4501 781 4556 in
794 4503 890 4574 Epist.
910 4503 1028 4575 Nalad,
1051 4503 1092 4576 11,
1112 4504 1223 4578 duplici
1245 4505 1314 4572 iol„
1338 4505 1390 4577 237
1410 4505 1491 4576 (216).
1512 4498 1573 4556 vide

371 4587 462 4660 epist.
477 4587 540 4658 583,
552 4589 601 4645 cui
613 4589 686 4644 haec
699 4590 867 4662 respondet.

427 4677 440 4708 ³
477 4676 553 4732 Vide
566 4677 652 4749 epist.
668 4677 729 4747 5853
744 4686 775 4734 et
787 4690 850 4748 592.
