3404 5380
417 489 469 548 160
800 489 905 547 Elusa.
923 487 957 544 P.
978 487 1181 558 Naum-406

379 644 582 712 nominatim
597 643 642 710 ha
656 643 760 711 eletto
774 641 799 708 il
813 643 927 710 dottor
948 643 1105 710 Emundo
1120 644 1234 729 Hayo,
1253 651 1358 709 rettor
1377 639 1433 708 del
1449 639 1598 729 collegio

258 807 260 810 -
378 769 496 828 nostro
510 757 545 825 di
566 757 721 846 Pariggi3
744 769 779 828 et
799 761 908 828 anche
927 757 950 824 li
971 762 1016 827 ha
1036 759 1183 846 piaciuto
1198 757 1227 826 si
1243 755 1415 826 mandassi
1436 755 1460 823 il
1482 758 1598 824 dottor

379 876 562 956 Thomaso,
592 875 694 962 anglo
718 875 740 956 ¹,
758 876 823 942 che
837 885 890 942 sta
916 875 951 942 in
975 873 1125 962 Dilinga3
1148 885 1182 941 et
1202 874 1272 942 cosi
1294 873 1476 961 bisognera
1498 894 1536 940 sc
1551 893 1597 940 ne

380 992 469 1059 uada
483 991 517 1058 la
531 991 625 1060 uolta
635 989 670 1057 di
688 989 841 1079 Pariggi,
861 992 952 1060 douc
971 993 1005 1058 lo
1024 990 1165 1079 pigliarrl
1187 990 1211 1058 il
1230 990 1364 1073 nuntio⁸
1385 988 1527 1059 insieme
1540 991 1597 1057 col

379 1108 474 1175 detto
490 1108 603 1175 dottor
615 1106 782 1174 Emundo.
797 1108 909 1176 Credo
924 1128 994 1174 non
1009 1105 1059 1175 sia
1074 1117 1169 1176 tanto
1184 1105 1375 1176 necessario
1390 1105 1426 1174 in
1440 1106 1594 1194 Dilinga,

377 1225 442 1292 che
458 1244 527 1290 non
547 1244 648 1310 possa
667 1223 717 1289 far
733 1234 853 1309 questa
879 1222 1044 1305 absentia,
1072 1245 1175 1292 senza
1186 1221 1322 1290 notabil'
1341 1221 1543 1290 detrimento
1560 1221 1597 1289 di

377 1339 500 1426 quella,
518 1337 675 1406 massimc
690 1338 864 1407 essendosi
880 1339 1038 1407 mandato
1052 1339 1077 1405 il
1094 1341 1134 1406 P.
1154 1342 1243 1407 Paez
1259 1339 1348 1405 'con
1360 1337 1384 1404 li
1396 1338 1512 1406 mastri
1524 1339 1597 1406 Ro-

378 1456 476 1522 berto
492 1455 504 1489 ⁸
520 1464 556 1521 et
572 1452 689 1524 Simon
705 1455 731 1536 ⁴,
749 1464 783 1522 et
798 1453 986 1538 hauendosi
1002 1477 1022 1522 a
1036 1455 1176 1522 mandar
1191 1454 1267 1522 altri
1282 1453 1318 1520 in
1333 1455 1450 1522 breue.

447 1585 478 1654 5.
527 1568 679 1657 Georgio
694 1570 819 1659 polono
836 1572 929 1638 lnon
941 1592 1021 1657 pare
1032 1569 1154 1640 debbia
1166 1570 1284 1641 uenire
1299 1593 1319 1638 a
1335 1573 1454 1654 Roma,
1478 1591 1599 1640 essen·

379 1684 453 1752 dosi
469 1686 629 1752 mandato
655 1706 756 1753 uerso
782 1685 965 1755 Germania
980 1708 1041 1774 per
1056 1686 1200 1754 trouarsi
1223 1686 1280 1775 qui
1303 1689 1403 1771 male;
1425 1686 1542 1756 uedasi
1562 1687 1600 1754 di

376 1799 520 1868 aiutarlo
531 1801 565 1868 di
580 1801 625 1884 li,
643 1823 680 1868 se
695 1804 771 1870 sard
786 1812 943 1889 reputato
962 1813 1042 1889 apto
1061 1825 1122 1891 per
1136 1803 1244 1872 seruit
1260 1826 1280 1872 a
1299 1803 1366 1872 Dio
1384 1803 1473 1870 nella
1488 1804 1598 1870 Com·

374 1916 500 2004 pagnia
511 1917 548 1984 in
563 1918 707 2004 qualche
722 1916 918 1988 ministeriu.
937 1919 1076 2004 Quanto
1090 1920 1123 1986 al
1138 1930 1263 1987 mastro
1278 1919 1314 1986 di
1329 1917 1461 2002 nouitii,
1480 1940 1548 2006 qua
1564 1919 1596 1986 si

376 2032 448 2101 fara
462 2034 576 2121 quello
591 2036 654 2102 che
669 2033 817 2121 sipotra.
836 2035 863 2101 ll
884 2035 1015 2103 fratello
1034 2034 1170 2104 Giouan
1190 2034 1305 2114 Pietro
1320 2033 1378 2124 gia
1397 2036 1442 2103 ha
1461 2034 1594 2103 comin-

376 2147 467 2217 ciato
481 2151 515 2217 la
530 2147 702 2217 tradution
714 2149 801 2217 delle
816 2150 936 2220 lettere
951 2151 1006 2219 del
1017 2153 1128 2239 Japon
1144 2153 1169 2218 ⁶.

380 2317 383 2324 .
441 2266 473 2332 6.
522 2265 593 2334 Sua
609 2264 742 2334 Santitd
755 2288 825 2334 non
840 2266 874 2332 fa
889 2265 947 2352 piu
964 2265 1135 2336 mentione
1150 2267 1238 2335 delle
1249 2266 1413 2350 missioni,
1427 2268 1471 2335 ne
1483 2270 1595 2336 anche

373 2379 402 2450 si
416 2391 518 2450 tratta
533 2382 621 2450 della
640 2383 763 2449 andata
779 2383 834 2448 del
856 2385 895 2450 P.
915 2382 1064 2466 Canisio,
1086 2382 1162 2450 anzi
1178 2405 1259 2470 pare
1278 2383 1454 2471 probabile
1473 2405 1544 2450 ιιοιι
1564 2384 1595 2450 si

374 2499 445 2566 fara
460 2508 582 2586 troppo
598 2496 759 2566 instantia
778 2519 838 2586 per
854 2499 876 2564 l'
897 2499 1035 2570 auenire
1054 2498 1091 2567 in
1106 2510 1226 2587 questa
1237 2511 1346 2588 parte,
1368 2521 1428 2588 per
1445 2499 1469 2565 l'
1486 2499 1596 2566 infor·

375 2613 502 2682 mation
518 2617 581 2682 che
596 2619 624 2682 s'
642 2616 662 2683 e
677 2617 766 2682 data.
786 2614 834 2683 Mi
850 2615 984 2683 rimetto
1000 2639 1020 2683 a
1035 2618 1079 2685 V.
1098 2619 1139 2684 R.
1158 2627 1286 2704 quanto
1301 2615 1358 2684 alli
1373 2615 1461 2684 corsi
1477 2617 1521 2686 de
1535 2617 1596 2683 In·
1698 2655 1699 2677 ι

373 2730 553 2818 golstadio‚
571 2731 700 2816 purche
715 2753 783 2799 non
800 2730 835 2798 ui
855 2731 950 2800 siano
969 2731 1028 2820 piu
1048 2736 1112 2802 che
1126 2732 1208 2801 duoi
1222 2733 1335 2802 lettori
1349 2743 1385 2801 et
1400 2754 1448 2800 un
1463 2732 1595 2800 substi-

374 2857 459 2914 tuto.
478 2847 575 2914 Delia
590 2846 849 2934 indispusitione
863 2849 918 2915 del
935 2849 974 2916 P.
993 2849 1158 2919 Ximenez
1173 2849 1205 2917 ci
1220 2848 1400 2931 rincresce‚
1418 2859 1453 2916 et
1472 2870 1594 2935 spera·
1697 2871 1698 2899 ι

372 2984 430 3030 mo
443 2965 562 3030 sanata
582 2985 684 3032 senza
704 2963 824 3031 lasciar
843 2964 876 3030 la
895 2965 1098 3053 compagnia
1113 2965 1147 3031 di
1174 2967 1218 3034 V.
1241 2968 1298 3048 R.,
1315 2967 1444 3054 purche
1467 2984 1537 3032 non
1559 2965 1593 3032 si

371 3077 523 3146 'affatichi
539 3088 658 3166 troppo
673 3078 709 3147 in
724 3079 875 3149 scriuere
889 3102 911 3147 o
926 3082 1011 3150 altre
1026 3102 1117 3152 cose.

437 3211 469 3276 7.
517 3194 730 3262 Trouandosi
745 3197 789 3263 V.
807 3197 848 3264 R.
867 3197 956 3265 nella
971 3197 1141 3284 prouintia
1160 3200 1193 3266 d’
1211 3198 1363 3284 Austria,
1386 3209 1420 3269 et
1440 3200 1591 3268 essendo

369 3308 500 3378 auisato
515 3308 594 3378 delli
614 3308 751 3398 bisogni
770 3312 826 3379 del
842 3313 987 3401 collegio
1002 3314 1046 3383 de
1062 3316 1280 3404 Brunsperga
1298 3319 1321 3398 ¹,
1339 3315 1441 3386 credo
1456 3317 1591 3384 hauera

367 3423 533 3514 prouist0,
558 3425 700 3494 insieme
719 3427 772 3494 col
790 3430 831 3495 Ρ.
851 3429 981 3515 Lanoy,
1009 3433 1073 3498 che
1093 3453 1131 3500 se
1145 3429 1169 3496 li
1184 3431 1299 3499 mandi
1317 3434 1461 3518 qualche
1476 3431 1588 3516 aium,
1694 3511 1695 3546 ἢ

367 3552 570 3629 presuposto
591 3544 656 3611 che
682 3543 770 3614 della
795 3543 933 3613 inferior
960 3545 1143 3616 Germania
1158 3558 1193 3617 et
1220 3550 1340 3618 Rheno
1360 3571 1398 3618 se
1416 3549 1441 3616 li
1461 3551 1590 3618 manda
1694 3551 1695 3560 ’

421 3739 430 3771 ¹
467 3735 594 3794 Thomas
606 3737 806 3814 Darbishlrus‚
820 3743 870 3815 qui
882 3742 1028 3800 Monachii
1040 3745 1136 3801 officio
1149 3745 1281 3818 magistri
1293 3745 1468 3804 novitiorum
1481 3745 1589 3820 iunge·
1693 3773 1694 3784 ι

366 3823 464 3883 batur.
482 3826 557 3883 Vide
570 3827 659 3900 epist.
672 3826 736 3902 398,
751 3847 781 3890 ιι.
795 3829 822 3900 8;
837 3839 868 3888 et
879 3845 944 3902 410,
957 3852 987 3889 ιι.
1002 3848 1032 3889 2.
1102 3869 1105 3874 -

419 3912 430 3945 ¹
465 3916 627 3974 Henricus.
896 3923 909 3956 ⁸
944 3923 1085 3991 Girulius,
1099 3924 1170 3982 alias
1182 3925 1333 4000 Byrulius.

418 4003 430 4037 ⁴
465 4005 566 4064 Simon
579 4007 738 4065 leodiensis
750 4008 786 4080 (i)
798 4011 844 4066 De
856 4027 892 4068 eo
904 4010 1043 4085 frequens
1056 4014 1166 4071 mentio
1175 4015 1206 4071 in
1216 4033 1298 4091 seqq.
1309 4017 1442 4091 epistolis
1454 4017 1500 4077 fit.
1511 4017 1586 4090 Ejus
1692 3996 1693 4011 ἵ

361 4108 525 4165 cognomen
549 4094 734 4155 siccamus
757 4099 875 4172 scripsit
895 4100 1040 4157 Emrium
1060 4104 1128 4170 (loc.
1152 4103 1213 4173 cit„
1238 4105 1293 4162 lib.
1320 4107 1357 4179 V,
1381 4125 1434 4165 nn.
1461 4107 1506 4178 98,
1525 4109 1587 4179 99);

362 4182 527 4241 Αοιιιοοιιι
540 4193 639 4242 autem
653 4187 827 4244 Damesium
840 4189 922 4246 illum
935 4191 1122 4262 cognominat
1133 4194 1200 4262 (loc.
1213 4193 1278 4266 cit.,
1291 4195 1332 4252 D.
1349 4195 1404 4269 111,
1417 4214 1447 4254 n.
1470 4199 1546 4267 171).

416 4275 427 4308 ⁵
465 4271 540 4330 Vide
554 4273 643 4346 epist.
661 4272 725 4348 356,
739 4295 772 4334 ιι.
789 4275 816 4348 3;
831 4277 895 4346 368,
908 4296 940 4335 ιι.
960 4291 985 4348 1;
999 4287 1030 4336 et
1042 4279 1107 4355 398,
1120 4299 1153 4337 ιι.
1169 4294 1202 4352 7.

414 4361 426 4396 ⁶
463 4361 539 4418 Vide
552 4361 657 4438 epist.,
671 4363 734 4436 365,
749 4383 783 4423 ιι.
800 4380 827 4436 23
840 4366 903 4438 377,
916 4385 949 4424 ιι.
966 4383 993 4438 2;
1007 4367 1070 4439 396,
1084 4387 1117 4428 ιι.
1134 4385 1162 4442 9;
1177 4380 1207 4428 et
1220 4371 1284 4444 398,
1298 4391 1329 4430 ιι.
1343 4389 1375 4446 9.

412 4453 423 4485 ⁷
461 4449 628 4524 Collegium
638 4453 870 4528 Braunsbergae,
883 4474 958 4530 quae
971 4467 1016 4514 est
1029 4462 1099 4516 urbs
1109 4459 1246 4518 Poloniae
1258 4462 1376 4519 condita
1388 4464 1425 4519 ab
1438 4463 1584 4539 ilenrico,

357 4538 516 4596 sarmiensi
530 4541 677 4616 episcopo,
693 4543 859 4603 institutum
872 4545 928 4603 fuit
940 4565 1016 4604 anno
1030 4549 1111 4620 1564.
1128 4549 1205 4606 Vide
1219 4551 1316 4625 Epist.
1331 4551 1447 4626 Natat„
1460 4553 1500 4628 11,
1514 4555 1582 4630 660,

355 4629 418 4698 ⁶⁶13
436 4637 467 4685 et
486 4631 689 4706 Rosrowsm,
709 4633 942 4694 Lituanicarum
959 4639 1115 4696 Son'etatis
1128 4639 1206 4713 Jesu
1224 4642 1423 4700 tr'storiarum
1440 4643 1515 4701 libri
1532 4647 1570 4704 de

356 4735 429 4786 cem,
445 4735 515 4793 pag.
536 4732 582 4777 11.
