3564 5380
574 1253 1083 1346 SUPPLEMENTUM

814 1555 833 1612 ι

554 1674 590 1728 P.
622 1672 801 1745 JOANNES
830 1674 883 1729 DF.
910 1672 1098 1732 POLANco

619 1807 655 1846 ex
668 1789 875 1846 commissione
890 1789 920 1844 S.
935 1789 1043 1862 Ignatii

447 1908 607 1974 PATRI
642 1908 887 1975 ANTONIO
922 1909 990 1973 DE
1028 1907 1210 1974 ARAOZ

609 2053 729 2113 nom,
745 2053 777 2111 14
790 2051 927 2096 iueusn
942 2037 1010 2108 1553
1028 2040 1048 2097 ¹.

270 2157 340 2226 Quo
353 2157 484 2222 nomine,
498 2175 558 2227 qua
570 2156 761 2221 auctoritate,
774 2156 896 2212 Natalis
905 2156 941 2238 'in
953 2156 1138 2229 Hispaniam
1151 2161 1179 2212 et
1195 2155 1384 2210 Lusitaniam

752 2247 905 2302 mittatur.

285 2371 350 2439 Del
366 2370 528 2438 visitador
555 2394 599 2458 ya
613 2392 695 2457 para
710 2381 783 2438 este
804 2369 930 2456 tiempo
951 2391 1030 2437 creo
1046 2392 1091 2456 yo
1111 2392 1148 2438 se
1169 2371 1250 2438 abra
1270 2369 1360 2436 visto
1376 2391 1441 2437 con

212 2461 262 2526 V.
282 2461 323 2525 R.
342 2459 382 2526 El
398 2481 444 2525 no
459 2462 549 2527 lleua
570 2462 615 2526 tal
639 2460 794 2540 nombre,
819 2458 893 2525 sino
914 2460 957 2527 de
977 2459 1184 2540 comissari0,
1210 2479 1341 2546 porque
1357 2458 1440 2525 abrit

213 2549 261 2616 de
277 2549 441 2617 entender
457 2572 500 2617 en
512 2569 606 2616 essos
622 2568 780 2634 reynosy
795 2568 838 2613 en
855 2548 887 2615 el
907 2548 950 2615 de
972 2549 1137 2634 Portugai
1158 2571 1201 2616 en
1218 2549 1364 2634 aigunas
1378 2567 1439 2612 co-

215 2657 274 2703 sas
290 2657 357 2720 que
373 2637 550 2722 requieren
566 2638 600 2702 la
615 2657 743 2705 mesma
758 2635 960 2702 authoridad
973 2657 1040 2720 que
1052 2648 1192 2704 nuestro
1210 2637 1321 2704 Padre
1333 2635 1437 2717 tiene,

217 2747 317 2792 como
333 2747 370 2794 es
386 2746 429 2792 en
445 2727 478 2792 io
495 2746 561 2810 que
579 2737 653 2792 toea
669 2731 689 2792 ἐι
704 2726 754 2792 las
770 2724 1035 2792 constituciones
1056 2747 1078 2810 y
1099 2727 1223 2811 reglas3
1246 2748 1268 2811 y
1290 2723 1438 2790 tambiin

218 2815 369 2900 ayudari
384 2836 428 2880 en
443 2815 477 2880 lo
492 2815 535 2880 de
550 2815 601 2880 ias
612 2815 744 2882 scueias
759 2836 781 2899 y
798 2835 842 2880 en
859 2815 941 2880 todo
956 2815 989 2880 lo
1009 2815 1125 2882 demis
1144 2836 1212 2900 que
1228 2836 1266 2882 se
1286 2813 1440 2881 osfrecie-

219 2924 269 2969 re.
296 2904 358 2971 Asi
380 2924 448 2987 que
462 2925 510 2969 no
526 2904 653 2971 lieuara
672 2904 765 2969 color
785 2905 828 2971 de
855 2905 1031 2985 reformar,
1055 2924 1191 2987 avnque
1205 2906 1288 2969 hara
1310 2904 1392 2968 todo
1408 2903 1441 2968 lo

218 3013 288 3076 que
304 2990 444 3077 pudiere
459 3013 501 3059 en
518 2992 630 3078 ayuda
645 2991 816 3058 vniuersal
832 3013 855 3078 y
870 2992 1053 3078 particular
1068 2994 1111 3059 de
1127 2994 1227 3058 todos
1239 2993 1289 3059 los
1305 2990 1348 3058 de
1361 2991 1439 3071 alla,

217 3101 320 3147 como
334 3101 479 3167 persona
495 3102 561 3165 que
578 3103 658 3167 para
674 3081 740 3148 elio
757 3080 847 3149 tiene
863 3083 970 3166 zeloy
987 3083 1129 3163 talento,
1141 3103 1165 3167 y
1176 3081 1219 3147 de
1232 3081 1335 3167 quien
1349 3079 1442 3147 tiene

216 3180 358 3236 nuestro
375 3171 486 3237 Padre
503 3171 581 3236 toda
603 3169 792 3254 confianqa.

814 3361 842 3420 2

553 3495 556 3502 '
636 3479 917 3538 GUNDISALVUS
942 3481 1021 3537 VAZ

462 3600 652 3668 SANCTO
680 3599 878 3667 IGNATIO
908 3599 971 3665 DE
1002 3599 1196 3666 LOYOLA

562 3743 769 3800 ULYSfflPONE,
788 3745 821 3801 27
834 3744 979 3799 yinuinu
999 3734 1101 3801 15542.

594 3846 832 3920 informationes
843 3849 879 3904 de
892 3848 933 3903 P.
951 3847 1068 3903 Natali.

280 3965 393 4052 JesuS.
413 3966 486 4031 Pax
502 3964 560 4031 X.i
578 3965 610 4030 O
640 3965 750 4031 Padre
774 3967 901 4032 Mestre
925 3963 1012 4031 Mira
1027 3966 1053 4046 ⁸,
1072 3985 1155 4031 noso
1172 3962 1368 4049 prouintiai‚
1386 3985 1442 4031 me

219 4093 429 4106 Ἣ

271 4159 278 4191 ¹
317 4160 361 4214 Ex
373 4157 514 4232 Regesto,
529 4157 605 4214 Cod.
623 4173 671 4230 19,
682 4161 741 4216 voi.
757 4160 780 4229 1,
793 4158 843 4216 iol.
854 4160 882 4214 8.
893 4159 969 4216 Vide
980 4159 1077 4231 Epist.
1090 4159 1208 4225 Natat„
1219 4159 1242 4218 1.
1257 4157 1308 4228 143
1317 4167 1347 4214 et
1357 4175 1441 4232 seqq.

267 4251 280 4283 ¹
315 4249 360 4304 Ex
372 4249 564 4320 autographo,
577 4248 608 4303 in
623 4247 694 4304 cod.
709 4263 761 4316 44,
775 4248 861 4304 unico
878 4247 929 4305 fol.
947 4247 1008 4317 187,
1022 4247 1111 4318 (506).
1133 4247 1229 4318 Hujus
1246 4247 1357 4303 codicis
1374 4246 1439 4303 des·

214 4335 386 4409 criptionem
399 4337 490 4392 habes
503 4335 533 4392 iu
550 4337 648 4410 Epist.
663 4337 788 4398 Mixiae.
803 4337 858 4401 111.
876 4338 939 4407 716.
958 4337 1019 4394 Ubi
1035 4339 1108 4393 haec
1122 4337 1245 4409 epistola
1258 4335 1326 4392 data
1338 4335 1388 4405 sit,
1402 4354 1440 4392 ex

214 4425 278 4498 ipsa
295 4441 352 4481 non
367 4432 493 4481 constat.
512 4424 628 4480 Scimus
646 4435 745 4480 tamen
762 4425 881 4482 aliunde
896 4427 928 4481 P.
944 4426 1159 4482 Gundisalvum
1178 4425 1240 4480 Vaz
1258 4425 1440 4498 Ulyssipone

214 4517 269 4570 hoc
282 4522 414 4588 tempore
426 4513 559 4586 degisse.
576 4505 652 4570 Vide
665 4516 766 4588 Epist.
786 4515 910 4584 Natal.,
924 4515 949 4584 1,
966 4528 1025 4586 195.

268 4607 280 4638 ³
316 4605 350 4662 P.
373 4603 503 4661 Didacns
525 4603 629 4673 Miron,
651 4603 735 4676 cujus
759 4601 898 4678 frequens
920 4607 1031 4662 mentio
1056 4605 1086 4660 in
1109 4604 1216 4661 nostris
1242 4604 1442 4660 voluminibus

217 4693 297 4750 iacta
311 4703 366 4750 est.
1163 4715 1165 4720 '
