3482 5386
444 495 499 568 734
829 499 934 570 Erras.
954 497 988 552 P.
1009 496 1211 553 Nauna-⁶12

407 653 522 738 parole
537 649 626 719 della
639 664 751 720 morte
773 652 829 721 del
846 655 904 720 P.e
926 651 1087 719 Polanco.
1106 653 1244 719 Intorno
1264 649 1321 718 alii
1335 649 1444 717 scritti
1465 648 1505 716 di
1527 651 1571 718 V.
1588 653 1627 720 R.

408 763 440 834 ie
455 766 484 833 si
500 766 622 834 scrisse
636 767 669 834 la
684 777 792 836 estate
807 757 944 856 pas'sata
958 771 1027 834 'vna
1041 767 1173 850 lettera,
1191 767 1224 834 la
1240 767 1353 852 quale,
1370 766 1498 852 perche
1514 789 1562 833 no
1576 789 1629 834 sa-

407 879 519 968 piamo
533 903 570 949 se
585 882 660 949 sard
676 882 865 970 ricapitata,
883 881 914 950 ci
929 882 949 950 ὂ
966 902 1065 970 passo
1080 903 1187 969 pome
1201 879 1260 967 qni
1275 903 1342 950 vna
1361 881 1460 968 copia
1479 884 1547 952 che
1565 883 1627 951 cia

403 1007 574 1085 seguente
594 999 615 1064 ¹.

750 1327 791 1394 P.
806 1325 1114 1395 HIERONYMUS
1130 1325 1293 1394 NADAL

649 1457 789 1514 PATRI
811 1457 1058 1516 EVERARDO
1085 1458 1382 1518 MERCURIANO

792 1587 909 1642 uanas,
924 1573 958 1630 28
970 1585 1118 1640 Jauuarur
1133 1585 1201 1645 1577
1210 1579 1233 1630 ¹.

402 1687 591 1746 samaram
604 1693 723 1745 revocat
734 1706 811 1760 quas
823 1690 858 1744 in
869 1690 1074 1767 superioribus
1087 1691 1198 1748 litteris
1209 1692 1370 1762 scripserat
1382 1693 1418 1748 de
1425 1691 1491 1764 fine
1499 1707 1617 1746 suorum

628 1777 780 1848 laborum,
793 1780 829 1834 da
841 1780 930 1848 socio,
943 1780 980 1835 da
992 1779 1145 1836 redeundo
1157 1781 1191 1835 in
1203 1779 1330 1838 Italiam
1342 1785 1396 1836 ete.

470 1921 492 2009 †
539 1921 648 1989 Molto
665 1921 750 1988 Rdo.
771 1923 810 1988 P.
826 1922 869 1988 N.
888 1921 922 1986 in
936 1922 1000 1988 X.⁰
1017 1923 1090 1988 Pax
1105 1921 1162 1988 X.i
1184 1922 1283 1991 Nella
1297 1924 1353 1990 del
1378 1943 1472 1990 mese
1487 1931 1613 2008 passato

401 2037 447 2104 ho
463 2037 567 2104 scrito
581 2037 833 2116 distesamente,
852 2035 881 2103 si
898 2058 995 2104 come
1009 2037 1043 2103 la
1060 2040 1099 2104 P.
1120 2039 1164 2104 V.
1182 2037 1229 2102 mi
1245 2047 1262 2081 ⁸
1280 2038 1404 2106 scrisse
1419 2039 1434 2080 ¹³
1455 2037 1490 2104 in
1509 2037 1610 2121 quella

399 2153 435 2220 di
453 2171 494 2220 22
510 2153 545 2218 di
561 2151 764 2234 Settembre‚
781 2154 845 2218 che
859 2153 880 2218 ἑ
895 2153 928 2218 la
943 2152 1071 2219 vltima.
1090 2154 1127 2219 In
1144 2165 1265 2238 questa
1282 2153 1353 2220 sard
1376 2175 1439 2220 con
1456 2154 1491 2220 la
1511 2152 1611 2238 gratia

398 2269 454 2336 del
470 2267 596 2355 Signor
610 2288 678 2333 vna
693 2265 839 2353 epitome
850 2267 887 2332 di
902 2267 1027 2352 quella,
1041 2267 1609 2353 1111111111111111111111111111,11

398 2387 474 2452 sara
490 2381 695 2450 declaration
708 2383 752 2450 de
768 2383 911 2467 aquella.
930 2385 1029 2450 Deua
1043 2383 1067 2449 11
1082 2385 1151 2450 bon
1168 2406 1257 2452 anno
1273 2385 1394 2469 ample.
1422 2385 1480 2450 Ho
1495 2391 1609 2469 pagato

397 2499 423 2565 11
438 2499 564 2566 viatico
580 2499 635 2564 del
651 2517 855 2584 compagno,
872 2499 960 2564 vnde
975 2500 1112 2567 haueua
1128 2499 1185 2585 gia
1201 2499 1329 2566 scritto.
1352 2501 1408 2566 Ho
1427 2495 1606 2584 recuperati
1709 2531 1710 2550 .

397 2613 445 2701 gli
462 2613 569 2680 scritti
584 2623 619 2680 et
645 2612 799 2698 imagini,
828 2614 894 2681 che
910 2624 1053 2698 portaua
1068 2636 1089 2680 a
1105 2614 1250 2680 Fiandra
1265 2615 1288 2680 11
1307 2617 1345 2681 P.
1369 2613 1540 2682 Florentio
1555 2631 1606 2697 per

397 2739 557 2814 stampar‚
575 2749 635 2814 per
649 2727 769 2795 ordine
784 2728 819 2794 di
835 2730 877 2796 V.
896 2731 951 2810 P.,
969 2727 1060 2814 dipoi
1076 2728 1110 2794 di
1127 2731 1311 2816 approbate
1326 2753 1387 2816 per
1402 2728 1449 2816 gli
1471 2725 1601 2796 censori.

397 2845 453 2911 Ha
468 2863 609 2912 succeso
621 2843 709 2912 bene
721 2855 854 2930 questo,
867 2845 1001 2929 partim
1013 2867 1072 2930 per
1085 2844 1132 2931 gli
1145 2845 1294 2914 successi
1306 2846 1341 2912 di
1357 2845 1512 2924 Fiandra,
1524 2851 1601 2928 por·

397 2961 458 3026 tim
474 2969 489 3000 ⁰
510 2960 637 3045 perche
665 2979 730 3024 con
757 2969 878 3043 questo
907 2960 1017 3026 Padre
1046 2959 1115 3024 mio
1142 2981 1334 3046 compagno
1361 2960 1407 3026 mi
1433 2959 1447 3002 ‘¹
1469 2956 1600 3026 succede
1644 3041 1651 3051 ¹

394 3075 499 3139 molto
514 3075 602 3140 bene
618 3085 632 3116 θ
653 3075 686 3140 la
705 3073 943 3142 emendatione
970 3073 990 3154 s,
1009 3095 1076 3159 que
1092 3097 1159 3142 non
1179 3077 1314 3143 haueua
1330 3085 1450 3162 potuto
1467 3076 1534 3140 fare
1549 3091 1599 3157 per
1707 3163 1708 3170 ἵ

393 3198 630 3256 mancamento
646 3188 679 3254 di
698 3189 743 3255 tal
756 3209 957 3275 compagn0.
977 3190 1012 3254 10
1028 3189 1132 3256 venui
1153 3211 1221 3274 qua
1236 3212 1295 3276 per
1315 3211 1477 3276 expresso
1497 3185 1599 3254 ordine

392 3305 479 3372 della
498 3307 534 3369 P.
553 3305 596 3369 V.
616 3314 650 3368 et
666 3302 861 3371 obedientia
876 3306 940 3369 che
956 3303 1001 3368 mi
1017 3303 1108 3372 disse
1122 3306 1197 3370 sine
1210 3307 1357 3370 motiuis:
1372 3304 1438 3371 «Mi
1451 3323 1529 3389 pare
1542 3301 1598 3365 che

392 3418 515 3485 andate
531 3417 566 3482 in
583 3418 705 3484 Halar:
720 3417 829 3485 intese
841 3439 900 3503 per
916 3418 993 3484 111111
1005 3419 1038 3487 le
1050 3440 1130 3485 cose
1142 3430 1351 3505 comenpate:
1365 3422 1411 3486 ho
1428 3413 1596 3502 trabaglia·

392 3543 427 3599 to
436 3543 453 3586 ⁸
463 3534 537 3598 suis
550 3533 645 3598 boris
657 3534 732 3598 sine
749 3534 1010 3614 intermissione,
1023 3542 1057 3601 et
1072 3535 1089 3577 ¹²
1103 3535 1200 3601 finito
1217 3533 1312 3620 quasi
1333 3533 1353 3613 ῑ,
1368 3555 1432 3600 con
1445 3535 1468 3599 l'
1481 3531 1597 3618 aginno

390 3649 444 3714 del
472 3647 611 3736 Signor,
637 3647 685 3734 gli
711 3647 865 3735 imagini,
896 3647 1106 3716 annotationi
1132 3660 1168 3718 et
1194 3649 1421 3728 meditationi,
1446 3659 1481 3716 et
1506 3643 1594 3710 molto

388 3775 621 3850 augmentate,
640 3763 809 3832 emendati
825 3763 874 3850 gli
890 3763 1009 3830 scholii
1024 3775 1059 3831 et
1078 3765 1087 3818 1
1109 3765 1319 3832 instruttioni
1331 3776 1366 3834 et
1382 3754 1592 3832 obseruationi
1705 3761 1706 3780 .

441 3943 457 3975 a
485 3933 549 3987 Hoc
563 3933 644 3988 verb.
659 3947 747 4004 supra
761 3949 837 3985 vers.
854 3930 967 3986 addidit
980 3933 1017 3986 N.
1031 3931 1130 3988 deleto
1143 3933 1201 3988 alio
1211 3935 1371 3990 verbo-b
1383 3946 1417 3988 10
1427 3933 1513 3986 verba
1521 3941 1589 3996 seqq·

387 4021 417 4075 in
431 4037 522 4090 marg.
537 4020 649 4075 addidit
663 4021 752 4075 N.--c
766 4021 829 4076 Hoc
843 4021 927 4075 verb.
941 4021 987 4076 bis
1006 4021 1123 4094 scripsit
1140 4021 1232 4075 N.-d
1243 4023 1307 4076 Hoc
1323 4022 1406 4077 verb.
1427 4037 1510 4092 supra
1524 4027 1588 4068 vers·

385 4108 497 4164 addidit
511 4109 600 4162 N‚...e
617 4111 680 4164 Hoc
694 4111 777 4164 verb.
796 4125 882 4181 supra
900 4127 979 4165 vers.
1000 4109 1112 4165 addidit
1130 4110 1220 4165 ΝΛ
1233 4111 1317 4184 Quae
1338 4119 1496 4183 sequuntur
1511 4115 1589 4174 usque

384 4199 421 4253 ad
434 4204 601 4272 compagno
615 4199 682 4253 inci.
697 4198 808 4254 addidit
823 4199 859 4252 N.
875 4198 992 4271 scriptis
1005 4199 1192 4271 reliquis—s
1202 4213 1218 4253 2
1230 4201 1321 4254 verba
1334 4215 1415 4272 seqq.
1430 4212 1511 4270 supra
1523 4205 1586 4246 vers·

384 4285 496 4342 addidit
511 4287 603 4340 N.-h
615 4287 678 4340 Hoc
691 4289 772 4341 verb.
792 4304 881 4359 supra
900 4304 977 4342 vers.
996 4285 1108 4342 addidit
1126 4285 1209 4340 N.-¹
1230 4301 1245 4356 5
1264 4287 1354 4341 verba
1366 4303 1447 4359 seqq.
1466 4285 1494 4339 in
1511 4291 1586 4346 marg·

382 4375 496 4431 addidit
510 4376 549 4431 N.
564 4375 601 4429 -J
620 4375 683 4429 Hoc
702 4377 786 4430 verb.
800 4393 886 4448 supra
906 4393 984 4431 vers.
998 4374 1110 4430 addidit
1128 4376 1165 4430 N.
1703 4365 1704 4374 ¹

390 4483 586 4492 ——ffl—

437 4527 445 4557 ¹
484 4526 588 4580 Sermo
602 4534 647 4581 est
659 4525 697 4580 de
710 4526 834 4598 epistota
846 4529 902 4582 sub
915 4545 945 4583 n.
956 4528 1010 4583 612
1023 4527 1113 4582 edita.

435 4617 447 4648 ¹
483 4615 527 4668 Ex
540 4615 732 4686 autographo,
743 4615 773 4669 in
786 4615 882 4686 Epist.
897 4617 1014 4680 Notat„
1026 4616 1066 4686 11,
1076 4613 1186 4687 duplici
1196 4613 1259 4683 111,
1271 4611 1323 4684 253
1331 4617 1417 4682 (192).
1429 4611 1498 4668 Vide
1509 4603 1581 4680 epist.
1702 4671 1703 4674 ,

380 4701 448 4773 616,
461 4703 508 4757 111
521 4704 593 4758 haec
603 4703 772 4775 respondet.
