3322 5376
464 553 517 624 486
847 553 952 609 Errsr.
973 551 1007 607 P.
1028 549 1234 621 Nubite-486

426 707 457 775 si
469 709 538 794 puo
550 707 644 791 dere,
658 727 726 774 non
742 705 910 775 conuiene
921 703 1095 793 obligarsi‚
1109 726 1170 791 per
1185 724 1278 773 esser
1290 702 1477 789 theologia.
1494 703 1650 769 Tuttauia

428 833 556 910 quanto
571 843 692 890 manco
708 821 838 910 oblighi
854 821 886 888 ci
901 841 1059 902 saranno,
1077 819 1178 888 etiam
1194 819 1230 885 di
1245 819 1348 904 quelli
1364 822 1427 885 che
1448 818 1481 884 si
1506 839 1649 904 possono

427 938 582 1028 pigliare‚
600 938 629 1004 si
645 947 765 1024 reputa
780 935 917 1024 meglio

494 1071 526 1122 2.
574 1055 712 1120 lntomo
728 1051 785 1119 alli
800 1051 933 1139 collegij
947 1050 983 1117 di
998 1049 1097 1138 Spira
1111 1061 1146 1119 et
1159 1048 1348 1136 Herbipoli,
1362 1050 1539 1116 domanda
1551 1051 1592 1116 V.
1606 1051 1641 1116 ll.

426 1191 463 1237 se
479 1169 509 1236 si
523 1179 692 1255 potranno
709 1189 812 1236 senza
827 1165 1035 1254 obligatione
1046 1165 1262 1245 compclare,
1277 1165 1413 1233 comesi
1426 1168 1506 1234 fece
1519 1165 1643 1232 inTre-

427 1275 509 1351 uere
519 1294 554 1350 et
567 1283 759 1370 Moguntia‚
773 1293 837 1349 etc.
851 1285 909 1350 Ma
920 1283 1044 1368 perche
1056 1281 1114 1368 gia
1126 1303 1196 1348 non
1207 1283 1349 1350 sarebbe
1364 1304 1385 1347 a
1402 1293 1521 1367 tempo
1533 1291 1644 1365 questa

425 1397 582 1485 risposta,
617 1398 761 1466 essendo
789 1396 914 1482 partito
945 1397 968 1462 il
1001 1398 1041 1463 P.
1076 1395 1215 1464 Canisio
1244 1416 1305 1482 per
1335 1395 1532 1482 Herbipoli,
1565 1407 1597 1462 et
1624 1395 1643 1458 il

426 1516 465 1580 Ρ.
481 1512 594 1580 Vinch
606 1533 667 1599 per
679 1511 789 1597 Spita,
805 1512 921 1580 auanti
937 1511 971 1578 di
987 1510 1048 1580 sar'
1066 1511 1210 1599 risposta
1225 1533 1246 1578 a
1262 1522 1381 1597 questo
1398 1522 1524 1598 punto,
1539 1525 1641 1598 asper-

424 1638 554 1697 taremo
569 1627 748 1696 intendere
764 1628 843 1713 quel
859 1630 924 1694 che
939 1628 962 1693 l'
981 1650 1050 1695 uno
1065 1637 1100 1694 et
1115 1627 1138 1692 l'
1161 1628 1247 1694 altro
1268 1630 1466 1694 haueranno
1488 1629 1586 1708 satt0,
1613 1639 1643 1694 et

423 1764 520 1810 come
535 1742 688 1831 pigliano
704 1742 728 1807 il
745 1743 895 1828 capitulo
912 1741 947 1808 di
963 1742 1062 1831 Spita
1083 1753 1118 1812 et
1136 1763 1285 1810 vescouo
1299 1743 1343 1812 de
1360 1742 1541 1830 Herbipoli
1557 1743 1586 1808 la
1600 1741 1640 1807 ri-

423 1867 540 1945 sposta
555 1861 620 1926 che
635 1858 658 1923 li
675 1860 694 1924 ἑ
710 1868 799 1924 stata
815 1860 985 1926 mandata.

490 1993 522 2058 3.
570 1974 607 2042 S'
630 1972 754 2041 tuista
769 1975 802 2040 la
818 1973 916 2059 copia
936 1973 971 2039 di
992 1975 1105 2060 quello
1126 1974 1238 2042 chesi
1258 1979 1361 2042 trattb
1382 1976 1436 2041 col
1457 1977 1499 2042 P.
1527 1973 1635 2042 Oliue-

422 2086 473 2154 rio
490 2090 514 2169 ¹,
532 2098 567 2155 et
582 2088 640 2175 gia
655 2110 692 2156 se
707 2087 730 2152 li
746 2089 766 2154 ὁ
781 2090 942 2156 mandato
958 2111 1005 2156 un
1020 2090 1114 2156 buon
1130 2100 1256 2157 mastro
1276 2111 1336 2176 per
1355 2090 1378 2154 il
1400 2111 1512 2170 corso,
1537 2100 1569 2156 et
1594 2110 1632 2152 un

422 2204 518 2270 buon
533 2204 719 2272 sacerdote.
736 2205 814 2272 Non
831 2225 870 2270 so
889 2225 927 2271 se
946 2205 1083 2272 bastani
1098 2209 1173 2292 pur’
1191 2207 1304 2292 quello
1320 2227 1380 2292 per
1395 2217 1503 2273 rettor
1514 2205 1548 2272 di
1569 2207 1632 2272 llo

423 2317 530 2401 riach;
549 2329 584 2386 et
600 2342 637 2388 se
652 2321 738 2387 altro
755 2319 848 2386 aiuto
864 2341 902 2388 se
924 2319 948 2386 li
963 2321 1060 2407 potrai
1075 2321 1158 2389 dare
1178 2341 1280 2389 uerso
1299 2321 1323 2387 il
1338 2323 1544 2402 settembre,
1562 2341 1594 2388 se
1613 2319 1630 2383 li

423 2434 516 2500 dard.
536 2433 599 2500 Fin
616 2455 636 2500 a
652 2455 707 2500 mo
724 2437 751 2501 s'
770 2437 789 2502 ἑ
805 2435 884 2501 data
900 2436 1016 2502 buona
1031 2436 1193 2504 relatione
1208 2436 1297 2504 dello
1312 2438 1416 2505 eletto
1427 2437 1631 2505 arciuescouo

424 2547 459 2613 di
476 2549 627 2617 Treuere
642 2549 668 2628 ',
686 2559 721 2616 et
737 2548 765 2616 si
782 2551 862 2617 dard
880 2550 914 2616 di
930 2571 1059 2632 nuouo,
1077 2560 1112 2618 et
1127 2551 1157 2618 si
1172 2551 1243 2618 sart
1260 2553 1338 2638 quel
1353 2554 1446 2619 buon
1463 2552 1568 2620 uffitio
1579 2553 1630 2616 che

422 2663 451 2731 si
467 2663 645 2731 conuiene.
664 2665 705 2732 L'
723 2663 938 2762 indulgentie
952 2669 1017 2736 che
1031 2669 1077 2735 ha
1096 2666 1249 2734 riuocato
1268 2667 1293 2733 il
1319 2689 1404 2754 papa
1431 2690 1515 2735 sono
1534 2665 1628 2752 quelle

423 2783 487 2848 che
504 2779 677 2848 ricercano
693 2802 819 2847 monus
834 2783 1020 2849 adiutrices
1036 2785 1062 2865 ³,
1080 2793 1115 2851 et
1130 2783 1201 2850 cosi
1216 2806 1286 2850 non
1301 2786 1346 2851 ha
1361 2785 1512 2852 riuocato
1532 2781 1628 2868 quelle
1652 2863 1653 2876 ἵ

422 2894 457 2960 di
469 2905 586 2964 nostre
602 2895 770 2962 auemarie
782 2897 976 2979 benedette‚
991 2900 1056 2965 che
1067 2898 1229 2986 sapiamo.
1246 2901 1290 2965 Et
1301 2899 1382 2985 pero
1393 2921 1461 2966 non
1474 2921 1551 2987 pare
1561 2917 1625 2982 spe
1652 2879 1653 2951 i

422 3009 538 3078 diente
557 3009 766 3076 domandarli
782 3011 1050 3081 confirmatione.
1068 3013 1137 3083 Gis
1151 3015 1253 3083 credo
1269 3016 1396 3084 hauera
1412 3015 1520 3082 inteso
1536 3016 1573 3081 V.
1591 3013 1622 3078 ll.

423 3144 520 3191 come
536 3144 696 3192 concesse
713 3126 783 3194 Sua
800 3126 932 3195 Santital
948 3129 1051 3197 cheli
1067 3129 1187 3214 nostri,
1205 3129 1261 3196 alli
1277 3129 1368 3216 quali
1383 3133 1517 3198 haueua
1527 3127 1624 3218 prohi-
1651 3177 1652 3233 p

422 3239 495 3306 bito
511 3240 688 3308 absoluere
704 3240 728 3306 li
744 3241 878 3329 relapsi,
896 3243 929 3310 lo
944 3264 1090 3330 possano
1108 3245 1179 3315 sare
1200 3267 1297 3312 corne
1312 3245 1431 3332 prima,
1450 3269 1488 3315 se
1503 3245 1554 3334 gii
1569 3263 1622 3308 non

424 3353 554 3422 fussino
571 3355 697 3442 publici
713 3356 854 3424 heretici
869 3357 893 3424 li
910 3357 968 3425 tali
983 3359 1117 3447 relapsi3
1141 3363 1266 3447 perche
1284 3361 1320 3427 in
1341 3363 1388 3428 tal
1413 3383 1494 3430 caso
1516 3361 1583 3428 uole
1602 3355 1623 3421 si

423 3470 583 3536 mandino
599 3471 654 3537 all'
673 3471 855 3539 ordinario.
873 3473 1007 3542 Sideri
1028 3474 1259 3556 instruttione,
1276 3498 1373 3544 come
1389 3479 1431 3545 V.
1456 3480 1497 3545 R.
1519 3473 1621 3547 scn’ue,
1650 3465 1651 3515 l

423 3585 455 3651 al
471 3583 658 3670 prouincial
674 3588 730 3654 del
745 3589 866 3655 Rheno
886 3588 898 3621 ⁴
915 3589 949 3655 di
970 3610 1069 3658 come
1083 3593 1129 3658 ha
1142 3591 1177 3657 di
1198 3591 1361 3678 negociar
1380 3593 1413 3659 la
1433 3591 1619 3659 fundatione.

423 3701 467 3766 Et
482 3699 515 3766 la
531 3720 663 3767 summa
679 3705 710 3780 ὲ,
729 3705 792 3769 che
808 3723 845 3770 se
857 3702 885 3770 si
902 3705 997 3790 potui
1015 3707 1075 3772 sar
1090 3707 1122 3772 la
1138 3707 1337 3775 fundatione
1352 3730 1454 3776 senza
1470 3709 1584 3794 obligo,
1599 3699 1620 3766 si
1649 3735 1650 3797 p

423 3813 542 3897 faccia3
560 3825 594 3882 et
610 3818 647 3883 se
663 3837 727 3902 pur
741 3817 922 3904 bisognera
938 3820 1060 3908 pigliar
1080 3822 1214 3904 alcuno,
1232 3826 1296 3892 che
1311 3845 1381 3890 non
1398 3823 1449 3890 sia
1469 3823 1504 3890 di
1524 3817 1617 3908 quelli,

421 3933 486 3998 ebe
502 3933 650 3998 secondo
665 3945 780 4002 nostre
795 3935 1029 4004 constitutioni
1045 3958 1113 4004 non
1129 3939 1310 4024 possiamo,
1326 3949 1360 4008 et
1375 3963 1435 4026 par
1451 3941 1545 4021 bene,
1557 3955 1619 4023 pur

1648 4034 1649 4078 l

476 4135 483 4166 ¹
524 4135 689 4206 Manareus,
703 4137 870 4208 provinciae
885 4139 1025 4197 Francius
1038 4142 1234 4216 praepositus.

474 4227 485 4258 ²
526 4225 656 4296 Jacobus
669 4227 706 4281 ab
720 4227 780 4281 Ele.

475 4311 487 4344 ³
524 4309 574 4368 Cf.
604 4315 782 4384 Baliarum,
805 4317 1008 4389 diplomatum
1029 4324 1057 4376 et
1075 4320 1315 4395 privilegiorum
1338 4323 1516 4381 Sanctorum
1536 4323 1620 4378 Romo
1647 4315 1648 4360 l

423 4412 534 4455 norum
559 4401 744 4476 Pontificum
774 4405 972 4464 Taurinensis
996 4411 1104 4483 editio,
1126 4419 1151 4466 t.
1179 4411 1251 4478 Vll,
1277 4413 1431 4485 Augustae
1454 4411 1620 4471 Taurinorum

422 4487 638 4562 MDCCCLXI,
652 4511 718 4564 pag.
733 4493 796 4567 535,
810 4495 923 4554 litteras
936 4499 1111 4570 apostolicas
1123 4499 1205 4556 «Etsi
1218 4500 1357 4558 dominici
1368 4503 1485 4575 gregis»
1501 4502 1545 4558 die
1556 4499 1569 4553 8
1580 4495 1618 4550 Fe
1646 4573 1647 4578 ἵ

422 4576 532 4632 bruarii
553 4577 646 4646 datas,
670 4581 721 4637 ubi
743 4593 918 4642 revocantur
940 4586 1141 4658 indulgentiae
1162 4590 1380 4662 quomodolibet
1402 4597 1621 4658 concesseruut>
1646 4606 1647 4643 l

420 4661 529 4735 quibus
541 4671 755 4741 consequendis
769 4673 962 4746 porrigendae
974 4685 1044 4732 sunt
1056 4693 1159 4734 manus
1172 4678 1343 4752 adjutrices.

476 4751 489 4784 ⁴
524 4755 557 4810 P.
573 4755 720 4815 Antonius
733 4761 843 4819 Vinck.
