3322 5376
544 491 579 534 20
599 479 727 535 Araurs
748 479 816 548 15⁶7
1201 491 1254 550 445

81 631 185 696 alchun
200 631 301 700 modo
318 633 375 700 nel
391 632 492 717 quale
507 631 531 699 li
558 631 731 698 fundatori
754 631 952 716 si'quiatino
977 644 1011 701 et
1034 631 1208 699 confidino
1224 635 1288 700 che

83 765 141 811 non
153 747 245 813 bada
255 768 430 830 mancare,
444 747 659 834 predicatore
674 746 965 834 principalmente,
980 758 1014 815 et
1030 747 1079 834 gli
1092 745 1168 815 altri
1184 747 1285 834 officij

82 861 302 948 chesogliamo
318 865 389 931 fare
404 863 485 931 nelli
505 862 654 950 collegij,
676 884 745 929 non
763 884 844 949 pare
864 865 928 932 che
949 861 981 930 ci
1001 863 1050 931 sia
1071 884 1236 949 speranza
1252 861 1286 929 di

82 977 185 1042 fundar
198 977 356 1064 collegio,
374 1000 435 1064 per
450 979 482 1047 le
498 998 602 1046 cause
617 969 730 1070 chela
747 981 786 1045 P.
803 981 846 1047 V.
866 978 935 1064 pud
951 978 1179 1047 considerare.
1199 979 1242 1043 Et
1257 977 1287 1043 si

81 1112 150 1157 sono
161 1093 396 1180 marauegliati
411 1093 524 1179 questi
540 1103 592 1159 tre
607 1091 820 1179 prouinciali,
833 1097 898 1162 che
908 1093 1010 1160 insin'
1025 1093 1146 1162 adesso
1158 1091 1187 1159 si
1199 1113 1286 1159 sono

80 1205 183 1273 trouati
197 1229 218 1276 a
233 1218 356 1294 queste
373 1220 423 1276 tre
440 1208 642 1290 fundationi,
660 1211 725 1276 che
740 1208 769 1276 si
784 1231 868 1277 sono
880 1212 964 1276 fatte
980 1209 1069 1294 dopo
1082 1217 1203 1294 questa
1218 1206 1286 1274 mia

78 1321 174 1389 ultima
187 1333 329 1406 venuta,
347 1326 412 1392 che
428 1323 524 1391 siano
539 1322 658 1392 venuti
680 1323 704 1390 li
726 1325 898 1392 fundatori
918 1325 954 1391 in
973 1325 1045 1393 fare
1068 1325 1101 1392 le
1120 1321 1285 1390 dotationi

78 1438 257 1522 simplicitur
272 1441 348 1504 sine
363 1440 564 1506 conditione.
584 1441 626 1505 Et
647 1439 703 1506 chi
724 1439 747 1505 li
763 1442 909 1508 hauesse
935 1441 1029 1507 detto
1049 1441 1113 1508 che
1132 1439 1166 1504 ia
1181 1438 1287 1505 Com-

77 1552 182 1638 pagnia
195 1574 265 1620 non
281 1555 310 1620 si
331 1556 401 1640 pud
417 1554 582 1641 obligare,
601 1554 644 1620 ne
660 1576 681 1621 a
701 1575 738 1622 se
754 1565 874 1634 stessa,
893 1574 974 1640 pare
1001 1557 1065 1623 che
1088 1553 1177 1621 saria
1196 1563 1287 1620 stato

79 1667 231 1752 scandalo,
249 1680 283 1736 et
299 1669 335 1734 in
352 1668 475 1738 nisuna
489 1669 641 1738 maniera
657 1692 738 1756 pare
754 1668 942 1736 haueriano
957 1671 1075 1736 voluto
1096 1668 1223 1737 sentire
1239 1669 1286 1734 tal

80 1779 268 1852 fundatione.
290 1785 439 1865 Vtinam,
457 1784 580 1864 Padre,
599 1783 666 1850 fusi
681 1786 714 1850 la
730 1785 914 1853 deuotione
935 1784 1086 1868 antiqua,
1109 1794 1145 1850 et
1165 1783 1285 1850 dasino

81 1915 135 1960 non
149 1898 218 1965 solo
232 1898 339 1967 libere
358 1898 550 1966 fundationi
577 1900 622 1966 de
646 1899 854 1985 monasterij,
884 1921 939 1968 ma
959 1910 1060 1980 terre,
1083 1898 1206 1984 campi,
1230 1918 1287 1963 re-

83 2009 171 2096 gioni,
190 2026 271 2098 ete,
293 2035 392 2083 come
412 2014 667 2099 antiquamente
693 2014 722 2080 si
751 2015 880 2082 faceua.
905 2015 1040 2081 Adesso
1066 2014 1086 2080 ἑ
1110 2011 1281 2080 miracolo:

82 2125 183 2209 primo,
203 2133 265 2198 che
285 2129 388 2216 quelli
411 2130 498 2196 della
519 2129 733 2216 Compagnia
752 2129 781 2195 si
803 2127 995 2196 sustentino
1018 2127 1053 2194 in
1078 2129 1283 2214 Alamagna:

83 2239 132 2322 2⁰,
148 2246 208 2313 che
233 2244 470 2314 destruendosi
484 2244 510 2311 li
524 2244 600 2313 altri
616 2243 812 2311 monasterii
839 2255 873 2312 et
896 2239 1064 2331 religioni,
1087 2242 1117 2310 si
1140 2223 1284 2309 sundino

82 2354 226 2427 dinuouo
244 2360 381 2447 collegii
400 2381 462 2446 per
484 2361 517 2426 la
539 2359 764 2446 Compagnia.
789 2361 831 2426 Et
858 2359 1005 2426 essendo
1020 2369 1119 2425 tanto
1140 2368 1286 2426 estrema

82 2475 226 2543 necessita
239 2475 319 2545 delli
334 2474 510 2560 ministerij
528 2485 563 2542 et
578 2474 713 2561 collegij
731 2475 841 2542 nostri
855 2475 890 2542 in
908 2475 1112 2562 Alamagna,
1127 2494 1209 2560 pare
1221 2475 1285 2541 che

84 2587 241 2658 habbiamo
255 2591 289 2658 di
314 2590 481 2658 ricercare
495 2591 597 2658 modo
612 2601 647 2656 et
667 2589 794 2658 sacilitd
820 2591 864 2659 de
889 2589 1037 2658 fundarli
1059 2601 1094 2660 et
1114 2590 1145 2656 ai
1153 2600 1248 2658 utare
1262 2587 1287 2655 li

85 2700 168 2770 animi
183 2707 258 2773 delli
274 2705 458 2788 fundatori,
476 2705 597 2792 poiche
612 2727 693 2792 pare
708 2707 742 2772 lo
754 2705 924 2792 possiamo
938 2706 1021 2790 fare,
1034 2727 1137 2774 senza
1149 2715 1285 2771 contra-

86 2815 143 2887 dire
152 2823 182 2888 al
195 2821 359 2908 instituto.
373 2823 483 2908 Atque
494 2821 587 2902 udat),
598 2823 787 2888 ancorache
803 2841 872 2887 non
888 2821 917 2888 si
933 2821 1067 2906 puotesi
1080 2821 1163 2901 fare,
1178 2822 1287 2888 doue-

86 2934 188 3003 resino
201 2937 422 3024 interpretare
437 2957 498 3022 per
518 2936 710 3021 Alamagna
725 2935 757 3002 le
773 2935 1020 3016 constitutioni,
1039 2957 1060 3002 o
1074 2935 1284 3022 dispensare.

139 3069 167 3134 3.
209 3055 350 3139 Quanto
366 3053 399 3118 al
413 3049 613 3138 particolare
633 3049 773 3136 negotio
788 3049 823 3115 di
840 3049 950 3136 Spira,
974 3051 1007 3117 io
1027 3073 1091 3118 son
1106 3060 1235 3117 venuto
1251 3050 1286 3115 in

85 3168 233 3235 aeordarlo
247 3169 303 3235 del
319 3167 421 3234 modo
437 3168 502 3234 che
518 3168 646 3235 hauera
661 3165 750 3232 visto
765 3167 798 3232 la
814 3169 854 3233 P.
870 3169 929 3245 V.‚
944 3176 978 3233 et
991 3188 1056 3233 con
1069 3187 1156 3252 gran
1170 3175 1287 3233 traua-

87 3276 152 3362 glio,
168 3286 285 3370 perche
306 3286 442 3352 haueua
462 3281 701 3350 commissione
720 3281 755 3347 di
773 3282 860 3348 farlo
881 3303 978 3350 come
999 3284 1044 3347 ho
1063 3282 1158 3350 detto
1178 3281 1213 3346 di
1229 3303 1287 3348 so-

89 3413 144 3476 pra.
160 3399 197 3465 Et
210 3400 242 3468 le
256 3397 399 3466 hauerei
420 3399 506 3464 fatto
526 3396 628 3464 etiam
652 3417 755 3464 senza
781 3396 1033 3478 commissione,
1051 3419 1112 3482 per
1136 3396 1158 3462 il
1175 3399 1285 3483 parer’

89 3508 152 3591 mio,
166 3517 224 3582 che
238 3535 391 3602 pensaua
407 3534 475 3579 non
491 3513 595 3580 esser'
612 3511 782 3578 contrario
798 3534 817 3578 a
832 3513 945 3596 quello
960 3512 1049 3578 della
1071 3515 1110 3579 P.
1134 3515 1178 3580 V.
1198 3513 1288 3578 Loro

91 3623 181 3695 hanno
194 3631 347 3710 credut0,
365 3638 400 3696 et
414 3649 499 3694 sono
514 3626 607 3706 boni,
626 3637 661 3692 et
676 3626 862 3695 desiderosi
877 3627 966 3694 delta
978 3626 1203 3713 Compagnia.
1222 3626 1291 3694 Gia

90 3741 187 3810 adesso
200 3765 268 3811 non
280 3743 328 3810 mi
343 3764 425 3830 pare
440 3743 506 3809 che
521 3741 553 3808 ci
569 3741 618 3808 sia
635 3742 722 3808 altro
737 3745 802 3810 che
817 3741 873 3808 doi
890 3741 993 3808 modi:
1011 3763 1032 3808 o
1048 3743 1161 3810 chela
1183 3744 1223 3809 P.
1243 3743 1287 3808 V.

91 3875 145 3926 non
158 3863 254 3930 acetti
276 3862 310 3926 la
337 3857 533 3941 donatione,
556 3868 590 3924 et
617 3856 689 3923 cosi
711 3857 871 3924 lasciamo
891 3858 914 3922 l’
938 3867 1112 3942 assumpto
1132 3855 1166 3924 di
1187 3857 1290 3942 quell'

91 3990 180 4058 Opera,
194 4000 214 4044 o
230 3999 313 4045 uero
328 3977 394 4041 che
408 3974 481 4040 loro
496 3973 593 4039 siano
608 3971 760 4039 contenti
776 3971 812 4038 di
827 3972 941 4057 quello
957 3974 1022 4040 che
1037 3973 1114 4040 dice
1128 3973 1162 4040 la
1183 3975 1223 4039 P.
1242 3973 1286 4039 V.

90 4091 159 4159 nella
172 4113 243 4173 sua,
260 4094 326 4158 che
345 4089 405 4156 dia
417 4089 536 4156 ordine
556 4087 588 4155 al
609 4086 830 4173 prouinciale,
853 4089 913 4173 qui
927 4095 995 4173 pro
1012 4093 1158 4173 tempora
1172 4089 1290 4177 suerit

90 4201 159 4271 della
172 4206 354 4293 prouincia,
377 4205 467 4272 doue
488 4205 565 4272 sarai
586 4181 666 4286 quel
693 4201 853 4288 collegi0,
876 4203 942 4270 che
958 4202 1083 4270 habbia
1110 4203 1191 4270 dare
1211 4205 1288 4287 quel

89 4321 285 4406 predicatore,
304 4323 426 4389 lettore
441 4320 476 4387 di
493 4317 682 4406 theologia,
707 4328 773 4386 ete.
794 4319 837 4383 Et
858 4319 1056 4400 realmente,
1081 4319 1204 4401 Padre,
1228 4341 1289 4386 ve-

90 4433 183 4503 dendo
196 4448 313 4523 questa
329 4435 528 4504 risolutione
544 4435 632 4502 della
649 4436 689 4501 P.
712 4435 771 4514 V.‚
789 4433 930 4500 intendo
956 4435 1022 4500 che
1047 4433 1137 4500 dista
1150 4454 1239 4521 poco
1255 4419 1290 4498 di

89 4551 184 4632 quello
198 4555 249 4620 ch’
263 4553 295 4621 io
310 4553 477 4641 pretendo
504 4551 576 4620 dire
598 4550 633 4617 in
650 4560 745 4618 tante
760 4551 887 4637 parole.
907 4551 1038 4617 Perehe
1064 4548 1094 4615 si
1120 4559 1239 4616 consta
1255 4548 1289 4614 di

91 4679 194 4748 questo
209 4669 322 4737 ordine
338 4680 373 4737 61
389 4666 598 4755 obligatione
613 4669 677 4736 che
692 4669 737 4735 ha
752 4667 796 4734 da
813 4667 883 4734 fare
899 4669 931 4734 la
954 4669 995 4736 P.
1017 4668 1077 4752 V.‚
1095 4686 1180 4752 poco
1200 4665 1231 4734 ci
1247 4689 1291 4733 va
