3322 5376
566 509 597 568 15
616 498 698 570 J⁰U¹
719 497 787 569 15⁶7
1197 509 1248 569 ⁵05

83 657 181 716 nostro
194 647 227 714 di
243 650 406 718 Treuero.
425 648 521 718 Forsi
534 650 614 737 quel
629 661 748 719 senato
763 649 970 720 lasciarebbe
981 649 1017 716 in
1029 670 1113 737 pace
1124 648 1147 716 li
1159 650 1281 718 nostri.

82 765 118 830 V.
133 765 183 846 R,
199 785 236 831 se
251 787 321 832 non
336 764 361 832 li
377 768 475 851 parra
491 763 765 846 inoonueniente,
782 767 881 851 potr‘a
896 766 946 832 far
962 768 1071 851 quest'
1089 765 1212 833 officio.
1290 839 1292 844 ,

134 899 161 962 4
204 879 274 966 Qui
289 902 336 948 ua
351 891 446 950 certo
459 880 607 966 spaccio,
621 883 685 948 che
700 881 825 947 manda
840 881 864 947 il
879 892 1076 968 procurator
1091 883 1252 968 generale
1271 885 1279 916 ¹

79 993 180 1062 atutti
193 995 215 1060 li
231 995 443 1080 prouinciali.
462 997 515 1062 Va
531 998 680 1063 anchora
697 1017 764 1064 una
778 998 900 1064 lettera
915 1007 1031 1083 aperta
1046 1017 1106 1082 per
1118 995 1142 1063 il
1154 998 1195 1064 P.
1211 997 1282 1065 Co-

78 1121 166 1192 staro,
186 1110 218 1176 la
238 1112 318 1197 qual
340 1110 444 1193 uista,
469 1134 507 1181 se
530 1109 554 1178 li
570 1114 666 1198 porra
681 1111 771 1180 dare.
789 1113 912 1180 Vanno
934 1114 1043 1179 anche
1066 1112 1151 1182 certi
1170 1112 1280 1180 ordini

78 1224 209 1292 mandati
230 1248 250 1293 a
270 1225 351 1293 tutti
370 1225 418 1314 gl'
439 1226 515 1296 altn’
536 1226 745 1314 prouinciali.
769 1230 813 1295 D'
836 1227 958 1296 alcune
984 1228 1096 1296 bande
1114 1249 1222 1296 usano
1245 1229 1280 1296 di

75 1341 274 1410 domandarci
286 1341 595 1411 communicatione
606 1342 694 1412 delle
705 1343 820 1410 huone
832 1363 936 1428 opere
947 1363 1008 1429 per
1019 1344 1123 1411 molta
1134 1365 1279 1431 persone

74 1454 258 1538 particolari.
277 1457 322 1522 Et
336 1477 397 1542 per
415 1457 477 1524 dar
491 1456 727 1526 sodisfattione
741 1477 762 1524 a
777 1455 881 1543 quelli
895 1459 960 1525 che
974 1459 1008 1524 lo
1023 1458 1210 1543 ricercano,
1227 1461 1278 1527 al-

73 1587 158 1636 meno
176 1570 211 1637 in
231 1582 343 1658 parte,
366 1571 413 1638 mi
432 1591 559 1659 pareua
579 1573 744 1658 potrebbe
765 1572 873 1639 usarsi
889 1573 950 1638 dar
970 1574 1279 1646 communicatione
1381 1610 1385 1619 ·

72 1683 137 1750 delli
155 1686 231 1752 beni
251 1689 286 1753 d’
305 1708 353 1754 un
372 1686 518 1774 collegio
539 1687 753 1773 particolare.
772 1689 816 1754 Et
836 1688 974 1773 quando
990 1687 1049 1774 piri
1065 1709 1277 1760 conuenesse

71 1800 231 1882 stendersi,
250 1803 284 1868 d'
303 1823 371 1869 una
386 1802 574 1888 prouincia.
589 1803 633 1869 Et
648 1799 719 1869 co'si
737 1803 769 1869 la
784 1803 1093 1870 communicatione
1108 1803 1142 1869 di
1156 1805 1235 1872 tutti
1252 1805 1276 1871 li

73 1911 137 1980 beni
149 1916 236 1984 della
252 1916 466 2004 Compagnia
481 1917 510 1984 si
525 1916 636 2004 potria
656 1917 803 1986 riseruar
818 1939 838 1984 a
853 1939 1001 2004 persone
1016 1918 1074 2004 piu
1090 1940 1180 1986 rare.

126 2045 154 2112 5.
199 2033 227 2097 11
244 2032 285 2098 P.
304 2031 529 2102 Ribadeneira
551 2036 596 2100 ha
612 2031 730 2100 scritto
745 2053 812 2100 con
827 2035 943 2100 buona
957 2033 1132 2120 diligentia
1148 2035 1179 2103 le
1195 2056 1276 2104 cose

71 2142 144 2210 dalla
158 2146 228 2214 uita
244 2147 279 2213 di
295 2149 340 2215 N.
356 2149 396 2216 P.
412 2147 555 2236 Ignatio,
570 2147 605 2215 di
617 2159 714 2216 santa
725 2148 887 2216 memoria
898 2149 923 2216 ¹.
939 2149 982 2216 Et
993 2148 1152 2220 accioche
1164 2150 1194 2217 si
1205 2150 1273 2220 leui

70 2257 94 2323 la
104 2259 236 2342 uariata,
254 2271 290 2332 et
302 2263 384 2330 torsi
395 2265 516 2332 alcune
533 2283 613 2334 cose
625 2285 746 2331 manco
761 2263 850 2332 bene
861 2264 1075 2345 esseminate,
1089 2263 1136 2330 mi
1152 2287 1232 2351 pare
1244 2267 1273 2332 si

69 2371 165 2442 leuino
180 2377 215 2444 di
231 2399 333 2445 mano
348 2377 429 2446 tutti
444 2379 469 2445 li
483 2379 614 2448 trattati
629 2379 663 2446 di
679 2399 758 2448 cose
770 2379 871 2447 simili
886 2379 921 2446 in
937 2391 1026 2446 tutte
1038 2379 1070 2449 le
1082 2381 1269 2466 prouincia.

69 2489 102 2552 Et
115 2493 191 2575 perd
206 2494 249 2560 V.
268 2495 310 2561 R.
330 2494 454 2562 habbia
466 2515 548 2562 cura
560 2497 623 2563 che
639 2508 760 2581 questo
773 2496 802 2562 si
820 2495 926 2563 faccia
941 2495 975 2562 in
988 2495 1100 2582 quelle
1112 2517 1172 2582 per
1182 2495 1272 2563 doue

67 2605 188 2673 addara.
207 2609 285 2676 Non
300 2630 442 2679 occorre
454 2611 540 2677 altro
552 2611 588 2676 in
599 2620 735 2696 questo,
750 2633 868 2681 senon
883 2611 1156 2680 raccomandarci
1167 2613 1272 2679 molto

69 2719 142 2788 nelle
156 2723 300 2790 orationi
315 2731 351 2792 et
363 2723 517 2810 sacrificij
539 2725 634 2793 di·V.
653 2727 695 2793 R.
713 2736 749 2795 et
767 2725 990 2793 desideriamo
1009 2726 1139 2793 hormai
1160 2726 1273 2794 inten-

67 2831 135 2904 dere
148 2840 291 2922 qualche
306 2839 414 2908 buon'
430 2841 551 2909 effetto
567 2843 632 2909 che
646 2841 771 2909 habbia
786 2843 871 2910 fatto
887 2842 910 2907 l'
924 2862 1032 2927 acqua
1046 2841 1081 2908 di
1093 2841 1211 2930 Liege.
1226 2842 1271 2911 Di

68 2945 170 3032 Roma,
186 2952 209 3018 li
230 2969 268 3038 15
284 2953 320 3020 di
335 2955 460 3042 Luglio
479 2957 574 3040 1567.

120 3067 197 3134 Dias
208 3091 230 3136 a
240 3089 310 3154 que
322 3092 367 3137 no
380 3081 485 3157 tango
497 3083 673 3157 respuesta
684 3072 727 3140 de
738 3072 788 3139 las
800 3093 868 3157 que
878 3071 1000 3139 escriui
1013 3078 1033 3138 a
1044 3074 1087 3139 V.
1101 3074 1141 3140 R.
1151 3074 1270 3160 Agora

65 3175 202 3266 direque
217 3184 250 3252 el
265 3184 381 3272 amigo
396 3185 440 3254 de
456 3185 574 3253 Rafael
587 3188 612 3268 ³,
631 3207 698 3272 que
709 3186 789 3254 vino
804 3189 848 3255 de
864 3189 1015 3273 Espatta,
1033 3188 1065 3253 le
1080 3209 1124 3253 va
1144 3187 1224 3255 bien
1245 3211 1269 3276 y

66 3311 101 3358 en
113 3296 210 3365 breue
225 3299 346 3386 piensa
360 3321 415 3368 ser
427 3300 654 3388 despachado.
668 3301 733 3371 Del
749 3304 956 3389 procurador
967 3306 1155 3389 sospechan
1167 3307 1262 3391 algu·

66 3425 119 3475 nos
129 3432 191 3496 que
203 3421 308 3481 verna
319 3435 385 3484 con
398 3417 430 3483 el
442 3417 604 3484 hermano
614 3418 657 3484 de
668 3419 820 3504 Montoja
833 3419 858 3501 ⁴,
869 3428 962 3486 otros
973 3419 1006 3485 lo
1016 3417 1142 3484 dudan:
1153 3429 1268 3504 presto

65 3542 95 3588 se
108 3533 190 3595 vera.
209 3531 360 3598 Nuestra
376 3532 514 3600 casada
529 3531 711 3618 probation
726 3551 770 3599 va
786 3554 867 3619 muy
883 3534 974 3614 bien,
992 3554 1015 3618 y
1030 3543 1150 3601 entran
1167 3541 1267 3600 setta-

109 3725 116 3755 ¹
148 3724 350 3781 Ferdinandus
363 3725 468 3781 Solier.

107 3817 117 3846 ³
148 3815 192 3869 De
205 3817 260 3870 hac
273 3815 366 3886 prima
379 3813 518 3882 editione,
534 3815 625 3870 latino
638 3831 772 3870 sermone
785 3831 802 3871 a
814 3813 1010 3872 Ribadeneira
1023 3815 1184 3884 lucubrata,
1200 3815 1268 3871 vide

65 3913 144 3970 supra,
158 3903 244 3977 epist.
258 3903 323 3973 487,
338 3921 368 3959 n.
382 3917 409 3959 2.

106 3990 116 4022 ³
148 3991 282 4063 Raptae
295 4000 341 4048 eet
353 4009 491 4048 areanum
505 4009 611 4048 nornen
625 3993 717 4066 ipsius
729 3993 863 4064 Borgiae.
884 3992 959 4049 Vide
977 3993 1073 4064 Epist.
1093 3993 1210 4060 Nalad,
1227 3993 1265 4060 11,

62 4071 112 4144 324,
124 4089 218 4135 annot.
232 4079 258 4136 3.
274 4080 419 4152 Quisnam
431 4090 530 4137 autem
543 4083 599 4137 sub
611 4083 807 4154 appellatione
819 4083 911 4138 amici
925 4082 1087 4153 Raphaelis
1099 4082 1164 4138 heic
1176 4081 1267 4154 signi·

62 4161 156 4236 ficetur,
167 4171 279 4238 nullum
290 4169 413 4226 dubium
422 4169 495 4243 quin
505 4170 543 4226 sit
556 4172 795 4227 Bartholomaeus
805 4170 958 4240 Carranza,
974 4171 1210 4245 archiepiscopus
1223 4177 1266 4226 to·

61 4253 169 4324 tetanus,
186 4259 237 4332 qui
252 4259 372 4332 saepius
389 4259 420 4315 in
438 4259 583 4331 Hispania
600 4277 683 4315 suam
700 4265 771 4330 erga
788 4260 924 4330 Borgiam
942 4258 1101 4315 amicitiam
1119 4260 1218 4314 verbis
1235 4268 1266 4315 et

60 4345 180 4412 operibus
196 4355 322 4404 tentatur
338 4357 394 4418 eat,
414 4357 447 4404 ut
463 4365 502 4405 ex
519 4349 608 4405 variis
625 4348 809 4406 documentis
827 4349 946 4404 anobis
966 4348 1088 4404 edendis
1111 4348 1265 4420 perspicue

59 4446 171 4504 apparet.
184 4437 228 4494 De
240 4455 330 4494 cauea
342 4439 565 4511 archiepiscopi,
579 4439 689 4494 Romae
702 4437 732 4494 id
746 4445 861 4510 tempus
873 4439 993 4510 agitata,
1008 4437 1047 4493 cf.
1065 4447 1200 4494 auctores
1217 4455 1265 4494 su·

61 4521 152 4592 petius,
165 4543 229 4598 pag.
245 4526 308 4598 359,
323 4534 423 4584 annot.
439 4525 466 4596 3,
481 4529 634 4599 allegatos.

104 4613 115 4646 ⁴
146 4615 177 4669 ld
189 4625 243 4672 est:
259 4617 447 4689 suspicantur
458 4616 548 4690 aliqui
561 4617 678 4672 Patrem
693 4618 787 4672 Araoz
799 4625 955 4672 venturum
973 4615 1003 4671 in
1020 4615 1185 4672 Flandriam
1197 4633 1266 4672 cum

63 4697 188 4775 Philippo,
200 4723 271 4776 rege
283 4705 454 4778 Hispaniae.
469 4705 545 4761 Vide
559 4706 656 4778 Epist.
671 4705 788 4771 Natat,
802 4706 840 4774 ΙΙ,
856 4704 919 4776 324,
933 4713 1032 4761 annot.
1046 4702 1073 4759 3.
