3482 5386
448 501 502 570 796
875 502 979 558 Epist.
999 501 1032 556 P.
1054 500 1166 556 Nsonu

413 652 549 739 rogauit
565 653 675 739 plane,
699 663 737 722 ut
760 663 918 723 uotorum
945 653 1084 722 uincula
1106 653 1171 739 ipsi
1194 654 1373 722 soluerem.
1393 651 1472 722 Dixi
1494 649 1529 716 in
1548 668 1611 717 mea

411 751 579 827 potestate
595 741 630 810 id
645 763 715 810 non
730 762 817 810 esse.
836 741 1006 827 Quoniam
1023 761 1106 808 uero
1123 743 1296 810 meum-de
1315 742 1373 808 illo
1389 739 1544 808 iuditium
1565 760 1610 835 re3

412 829 515 915 quirit
531 833 573 900 P.
594 831 681 911 Tua,
700 852 818 916 parum
834 841 934 917 aptus
954 830 1035 896 mihi
1058 830 1194 898 uidetur
1216 830 1296 897 huic
1318 831 1486 910 instituto,
1509 837 1541 896 et
1562 846 1611 912 qu

411 919 643 1006 superioribus
659 919 757 988 annis
779 919 959 989 Societatis
980 928 1098 988 nostre
1112 911 1246 1006 s'piritui
1266 920 1354 986 male
1374 941 1411 986 se
1433 919 1612 985 conforma-

412 1007 475 1089 uit,
493 1019 622 1078 amator
637 1007 802 1080 licentiae
817 1008 945 1094 Scripsi
956 1010 1000 1096 de
1016 1007 1073 1074 illo
1089 1030 1223 1094 quoque
1240 1009 1283 1074 ad
1301 1012 1339 1076 P.
1355 1008 1573 1074 uisitatorem.
1584 1055 1605 1068 ..

988 1204 1061 1270 LIII

586 1335 637 1390 EX
657 1334 835 1390 LITTERIS
855 1335 1005 1392 ANNUIS
1024 1333 1211 1393 COLLEGII
1230 1333 1458 1394 MOGUNTINI

734 1451 945 1546 moguntiae,
969 1479 1006 1544 13
1019 1460 1171 1546 Augusti
1187 1461 1270 1544 1567
1287 1464 1308 1527 ¹.

659 1590 829 1665 Collegium
841 1551 1056 1665 mogantinum
1069 1611 1088 1646 a
1102 1593 1210 1647 Natali
1221 1594 1384 1649 lustratur.

479 1717 611 1784 Profuit
624 1718 746 1784 adhoc
758 1717 818 1805 [sc.
834 1717 982 1784 studium
996 1717 1141 1806 virtutis]
1152 1720 1348 1785 multumac
1358 1721 1416 1786 diu
1428 1729 1611 1805 expectatus

413 1807 453 1873 R.
469 1808 509 1872 P.
528 1806 658 1873 Natalis
678 1808 864 1887 aduentuS,
890 1829 931 1875 ex
953 1827 1020 1891 quo
1041 1807 1206 1892 plurimus
1229 1807 1310 1874 huic
1331 1809 1475 1896 collegio
1495 1808 1612 1872 fructos

412 1894 565 1962 accessit.
585 1895 718 1962 Etenim
735 1905 811 1980 post
827 1897 962 1962 sedulas
978 1917 1018 1960 ac
1034 1895 1215 1981 diligentes
1235 1898 1279 1964 de
1299 1907 1432 1966 nostrae
1448 1893 1611 1966 Societatis

412 1983 581 2063 instituto,
607 1985 692 2066 fine,
717 1984 869 2068 personis
892 1995 926 2050 et
950 1985 1156 2052 ornamentis
1182 1986 1449 2064 exhortadones,
1475 1982 1609 2051 omniurn

411 2072 513 2140 etiam
529 2072 759 2139 confessiones
774 2073 916 2152 audiuit,
935 2083 970 2140 et
984 2073 1148 2156 remedia,
1166 2086 1268 2158 prout
1289 2075 1413 2160 cuique
1430 2095 1515 2160 opus
1533 2083 1605 2149 erat,

412 2171 529 2227 contra
544 2163 680 2228 morbos
696 2161 968 2245 praesentissima
983 2162 1086 2228 dedit.
1104 2165 1191 2231 Vota
1207 2163 1358 2230 omnium
1376 2161 1530 2248 suscepit,
1542 2159 1608 2225 uni-

410 2249 536 2335 cuique
562 2271 624 2317 sua
650 2250 755 2316 offitia
782 2251 899 2316 ordine
925 2250 1161 2318 decentissimo
1188 2251 1370 2318 distribuit.
1397 2247 1605 2320 Scholasticas

411 2338 681 2407 concertationes
702 2350 736 2407 et
756 2339 1015 2406 exercitationes
1039 2342 1081 2408 ad
1105 2362 1256 2407 normam
1281 2351 1314 2409 et
1337 2343 1473 2408 modum
1495 2335 1607 2404 romani

412 2426 558 2512 collegii,
574 2440 738 2512 quantum
751 2427 823 2494 fieri
836 2430 957 2512 potuit,
972 2429 1131 2497 traduxit.
1151 2429 1324 2514 Quodque
1335 2429 1439 2496 maius
1451 2438 1513 2508 est,
1527 2424 1605 2492 hisce

412 2515 570 2586 omnibus
586 2516 702 2582 viuum
718 2518 911 2602 exemplum
927 2516 1141 2602 prudentiae,
1162 2518 1295 2602 pietatis
1311 2538 1351 2584 ac
1368 2539 1467 2586 uerae
1482 2513 1602 2601 reiigio-

413 2603 465 2672 nis
486 2603 635 2689 seipsum
658 2605 755 2675 nobis
779 2606 937 2672 omnibus
961 2607 1127 2674 exhibuit.
1150 2607 1247 2674 Faxit
1270 2609 1365 2675 Deus
1385 2618 1449 2693 opt.
1475 2626 1553 2671 max.
1570 2611 1602 2666 ut

410 2692 510 2844 {uius
530 2693 627 2760 nobis
647 2693 693 2761 ita
713 2693 903 2779 praesentia
930 2695 1071 2781 placuit,
1098 2696 1172 2764 eius
1199 2697 1268 2762 uita
1292 2696 1407 2764 multis
1428 2693 1521 2760 annis
1539 2712 1601 2778 per-

427 2802 577 2848 ruamur.

932 2988 936 2998 ·
986 2952 1063 3018 LIV

722 3082 759 3138 s,
780 3083 1066 3141 FRANCISCUS
1092 3085 1149 3139 os
1171 3065 1319 3155 nonni

810 3221 928 3268 BEATO
953 3220 1068 3268 PETRO
1094 3220 1239 3269 CANISIO

766 3335 905 3414 Romae,
926 3351 966 3418 23
981 3333 1133 3420 Augusti
1154 3335 1236 3418 1567
1250 3335 1275 3399 ³.

714 3464 761 3520 De
773 3466 894 3539 collegii
905 3466 1117 3537 herbipolensis
1129 3467 1328 3522 institutione.

476 3580 616 3664 Quanto
632 3580 664 3647 al
680 3581 827 3666 negocio
839 3582 895 3650 del
906 3581 1053 3669 collegio
1065 3581 1314 3668 herbipolense,
1329 3575 1595 3671 presuppostoche

409 3667 441 3735 ci
458 3668 477 3735 ὲ
495 3689 592 3753 parso
606 3671 686 3754 quel
702 3672 802 3736 modo
819 3670 852 3737 di
868 3669 1029 3757 obligarsi
1044 3673 1077 3738 Ia
1092 3671 1326 3758 Compagnia,
1344 3673 1411 3742 che
1431 3685 1558 3757 pensaua
1575 3659 1593 3762 tl

412 3759 451 3823 P.
466 3758 568 3825 Natal
584 3768 680 3843 poter
697 3759 789 3841 sarsi,
804 3781 873 3826 non
885 3780 977 3826 esser
989 3759 1164 3828 conforme
1176 3761 1240 3828 alle
1252 3775 1368 3829 nostre
1379 3752 1591 3827 constitution.

411 3974 509 4014 mano.
526 3959 699 4016 VischerIus
710 3969 818 4032 autem,
834 3961 1018 4034 sypontinus,
1031 3961 1062 4018 in
1074 3964 1207 4034 catalogo
1220 3979 1350 4034 romano,
1362 3963 1411 4018 cui
1429 3961 1518 4020 titulus
1538 3955 1591 4008 Vota

409 4047 571 4119 simplicia,
581 4060 752 4106 recensetur
762 4051 838 4106 inter
847 4068 908 4119 eos,
914 4052 965 4124 qui
975 4059 1043 4108 vota
1053 4051 1196 4126 simpIIcia
1207 4053 1444 4108 scholasticorum
1453 4047 1591 4106 renovaritI

410 4137 521 4192 Romae
537 4137 554 4192 6
572 4139 701 4209 Januarii
723 4139 800 4208 1563.
820 4140 874 4196 His
894 4140 968 4196 adde
986 4157 1062 4214 quae
1081 4157 1119 4200 ex
1139 4141 1175 4196 Ρ.
1198 4142 1419 4213 Braunsberger
1441 4153 1527 4216 πυροί
1540 4143 1597 4185 ³0⁸²·

409 4224 517 4298 pimus:
529 4227 579 4282 «Ρ.
591 4229 735 4299 joannem
746 4227 947 4286 Vischeriumn
958 4246 1126 4304 comparere
1136 4228 1167 4286 in
1178 4230 1295 4304 collegii
1309 4231 1490 4288 monacensis
1504 4218 1599 4284 cmliv

410 4312 496 4375 initio
514 4312 582 4371 anni
602 4316 669 4388 1565
686 4318 809 4374 Romam
828 4317 917 4374 misso
934 4317 1048 4386 (Germ.
1066 4317 1139 4390 Sup.
1153 4319 1219 4375 Cat.
1239 4318 1321 4387 1566.
1345 4302 1600 4390 1599)fl.3't⁶1317'·

411 4419 471 4462 noo
483 4411 582 4462 autem
595 4405 675 4462 cerni
692 4405 723 4462 in
741 4408 883 4478 catalogis
901 4407 1033 4480 ejusdem
1050 4407 1178 4480 collegii,
1197 4407 1247 4484 qui
1265 4416 1392 4468 exeunte
1410 4423 1485 4470 anuo
1509 4395 1566 4472 ¹5⁶⁶=
1579 4399 1600 4444 ⁶³

409 4488 478 4552 Oct.
495 4492 562 4562 1567
576 4491 677 4565 scripti
690 4504 759 4552 sunt
772 4497 840 4568 (loc.
855 4494 919 4565 cit.,
932 4495 969 4552 ft.
986 4494 1049 4568 385,
1062 4512 1127 4567 409,
1141 4499 1216 4567 412).

462 4579 471 4612 ¹
509 4581 553 4643 Ex
569 4580 644 4640 Coe.
661 4597 699 4652 29
710 4585 758 4658 g),
772 4583 825 4655 314
838 4581 928 4654 (531).
946 4584 1021 4644 Vide
1035 4585 1125 4658 epist.
1142 4586 1210 4658 465.

462 4665 473 4698 ¹
509 4669 553 4732 Eu
566 4671 706 4744 lioperto,
723 4671 798 4737 Cod,
816 4672 971 4746 33f).f01·
990 4674 1038 4744 56.
1058 4673 1133 4737 Vide
1145 4691 1217 4754 pag,
1234 4674 1298 4754 478,
1314 4682 1345 4743 et
1358 4675 1421 4749 526.
