3318 5376
507 528 539 571 12
558 515 744 572 Ducsumus
764 515 833 586 1566
1192 515 1245 585 347

76 669 161 736 esser'
176 665 553 753 diligentissimamente
573 667 757 750 emendati,
775 667 870 734 accid
885 667 977 755 possi
998 667 1031 734 io
1052 669 1233 737 emendare
1257 667 1284 734 li
1409 731 1414 749 ,

78 781 148 861 altri,
164 779 239 848 nelli
254 781 349 866 quali
364 801 480 868 spesse
496 782 590 850 uolte
601 803 686 848 sono
701 782 806 851 errori
818 783 874 851 del
889 781 1056 850 scrittore.
1072 783 1234 869 Supplieo
1245 784 1278 849 la

80 901 110 964 P.
125 899 164 964 V.
179 896 223 962 mi
238 897 384 983 perdoni
398 919 459 982 per
475 897 499 963 l'
520 897 752 983 importunitd,
771 907 806 966 et
825 897 936 964 ordini
959 899 1022 965 che
1046 907 1134 966 tutte
1157 909 1277 983 queste

78 1033 143 1080 cose
155 1011 196 1077 mi
211 1011 310 1078 siano
325 1013 483 1080 mandate
493 1015 612 1098 primo
627 1034 756 1098 quoque
770 1018 927 1098 tempore,
942 1012 1011 1082 ben
1026 1013 1215 1080 emendate.
1240 1014 1279 1078 Io

78 1129 139 1195 ben'
154 1129 238 1195 uedo
257 1130 325 1194 che
344 1127 369 1193 il
388 1131 429 1194 Ρ.
452 1131 555 1195 Mtro.
579 1128 728 1195 Polanco
750 1128 771 1196 ὲ
790 1137 885 1196 tanto
904 1129 993 1197 bene
1013 1139 1048 1196 et
1067 1126 1276 1196 necessaria-

77 1251 169 1311 nente
183 1254 362 1329 occupato,
380 1244 444 1312 che
460 1264 529 1310 non
544 1245 589 1310 ha
604 1253 719 1330 tempo
734 1242 769 1308 di
784 1245 950 1312 attender'
964 1267 984 1312 a
996 1253 1129 1330 questo;
1143 1243 1176 1310 lo
1188 1264 1275 1329 puo-

76 1361 114 1424 nt
126 1358 196 1426 ben'
212 1358 299 1440 fare,
317 1379 355 1425 se
370 1379 451 1446 pare
467 1359 532 1426 atta
548 1361 590 1426 P.
609 1361 667 1440 V.,
685 1357 708 1423 il
726 1360 766 1424 P.
786 1359 959 1426 Euerardo
978 1362 987 1394 ¹
1004 1381 1064 1444 per
1077 1359 1110 1425 la
1121 1380 1185 1426 sua
1196 1380 1277 1444 pro-

75 1470 165 1538 uinuia
178 1473 211 1538 di
227 1473 426 1555 Germania,
449 1484 531 1556 etc.;
555 1484 590 1542 et
610 1474 669 1560 gia
689 1476 753 1540 che
773 1473 809 1539 in
828 1494 907 1540 casa
927 1496 999 1542 non
1019 1473 1070 1542 sia
1089 1473 1146 1540 chi
1168 1473 1277 1568 faccia

74 1597 170 1672 queste
182 1589 293 1675 copie,
311 1610 349 1656 se
364 1610 446 1675 pare
466 1589 531 1656 alla
548 1591 587 1655 P.
607 1590 666 1670 V.,
684 1589 712 1655 si
729 1588 814 1656 sacci
830 1588 965 1676 copiare
981 1590 1090 1671 fuora,
1108 1589 1152 1656 da
1175 1589 1274 1674 qual-

74 1703 122 1768 che
133 1723 283 1788 persona,
302 1713 337 1770 et
354 1705 386 1771 la
402 1724 517 1789 spessa
533 1703 562 1770 si
578 1714 683 1772 metta
698 1726 718 1770 a
733 1713 837 1771 conto
853 1703 888 1770 di
903 1704 1098 1784 Germania,
1113 1707 1176 1771 che
1188 1703 1222 1770 io
1240 1705 1276 1770 lo

75 1818 176 1902 pagato
199 1840 268 1903 qua
295 1819 522 1906 pienamente.
552 1820 693 1886 Ancora
719 1820 765 1886 ho
790 1819 1053 1905 esperimentato
1071 1819 1157 1886 altra
1178 1840 1272 1901 cosa,

75 1930 288 2014 speciatmente
313 1933 403 2001 nella
422 1933 599 2019 prouincia
619 1933 653 1999 di
680 1933 876 2002 Germania:
901 1933 1013 2001 chesi
1034 1933 1193 2000 scriuono
1220 1935 1271 2002 al-

75 2045 163 2114 chune
176 2068 266 2129 cose,
281 2069 368 2134 qnae
382 2050 528 2114 attinent
543 2050 589 2114 ad
595 2049 892 2136 gubernationem,
905 2049 937 2114 al
948 2047 1167 2135 prouinciale,
1182 2049 1272 2116 delle

73 2161 142 2242 quali
155 2161 275 2230 nisuna
290 2185 372 2230 cosa
386 2161 415 2230 si
430 2164 543 2232 scriue
559 2185 579 2230 a
594 2187 661 2248 me,
679 2186 779 2233 come
794 2165 839 2231 ho
861 2163 974 2231 alcuni
990 2163 1148 2250 essempi,
1166 2163 1189 2229 il
1205 2166 1272 2231 che

74 2295 143 2357 pare,
158 2277 408 2345 nmettendomi
418 2277 653 2366 simplemente
669 2280 701 2346 al
713 2278 863 2366 giudicio
875 2279 963 2346 della
979 2281 1019 2346 P.
1032 2281 1092 2360 V.,
1106 2280 1170 2347 che
1181 2299 1270 2364 puo-

74 2387 227 2458 triaesser'
248 2392 494 2479 impedimento
509 2394 587 2461 dell'
606 2394 732 2461 unione
753 2404 788 2460 et
810 2396 904 2461 buon
923 2414 1091 2480 gouern0,
1114 2394 1272 2461 almanno

74 2523 117 2586 per
129 2507 198 2590 quel
213 2517 329 2595 tempo
344 2511 409 2576 che
424 2519 477 2576 sta
493 2509 517 2574 it
531 2508 706 2577 visitatore
721 2509 788 2575 co'l
804 2507 1023 2594 prouinciale.
1038 2509 1075 2575 Io
1088 2528 1261 2595 represen-

75 2617 108 2682 tai
119 2632 228 2704 questo
243 2623 277 2689 al
295 2625 336 2690 P.
356 2626 458 2691 Mtro.
476 2625 625 2710 Laynez,
642 2634 678 2693 et
693 2623 813 2690 ordini)
824 2626 888 2691 che
900 2623 1036 2708 quando
1048 2622 1077 2690 si
1093 2623 1204 2690 scriue
1216 2624 1267 2690 al-

74 2735 161 2801 chuua
174 2755 251 2805 cosa
266 2759 287 2803 a
302 2739 405 2804 alcun
420 2749 547 2807 rettore
562 2759 583 2804 o
598 2737 816 2825 prouinciale,
835 2759 921 2824 quae
940 2744 1059 2824 spectet
1073 2739 1119 2804 ad
1134 2738 1262 2826 gnber-

76 2850 226 2933 nathnem,
241 2851 271 2920 si
286 2852 401 2920 scriua
414 2852 554 2920 insieme
570 2854 602 2921 al
621 2853 865 2939 prouincialeo
885 2852 1070 2933 visitatore,
1092 2853 1188 2920 accio
1208 2875 1264 2920 sa-

76 2961 195 3048 piaque}
208 2969 273 3034 che
288 2970 319 3034 s’
341 2967 472 3048 ordina,
490 2977 525 3034 et
546 2970 579 3034 lo
601 2967 687 3034 sacci
709 2966 892 3052 essequire,
917 2967 975 3053 git
994 2971 1058 3037 che
1079 2989 1148 3035 non
1170 2969 1198 3035 si
1219 2969 1265 3034 ri-

74 3087 154 3146 metta
169 3103 188 3147 a
206 3082 254 3148 lui
274 3082 330 3149 dal
351 3083 471 3170 prim0,
493 3083 631 3150 bench&
645 3104 778 3170 sempre
798 3081 822 3148 il
842 3082 1003 3169 generale
1022 3085 1067 3150 ha
1088 3083 1211 3150 sacoitt
1231 3083 1265 3149 di

73 3191 191 3264 sonuere
204 3208 239 3264 et
258 3201 438 3266 cometter’
456 3220 477 3264 a
496 3198 551 3264 chi
572 3201 685 3280 uorra,
708 3219 812 3267 senza
831 3199 902 3264 dar'
924 3207 1019 3286 parte
1039 3198 1072 3265 al
1091 3199 1268 3286 superiore

71 3293 214 3391 nqeue.
720 3283 735 3311 ⁶

123 3441 166 3490 ιο.
208 3426 429 3496 Desideramo
445 3428 564 3510 molto,
583 3428 706 3509 Padre,
723 3430 841 3497 hauer'
856 3427 890 3494 in
903 3429 1095 3515 Alamagna
1110 3429 1143 3495 le
1154 3427 1265 3496 medi-

72 3533 164 3604 tationi
183 3542 269 3611 della
291 3545 333 3610 P.
356 3545 399 3612 V.
424 3565 524 3630 sopra
550 3543 582 3612 le
609 3542 809 3610 domeniehe
828 3543 909 3611 dell’
925 3564 1017 3610 anno
1029 3543 1055 3624 ¹,
1073 3552 1108 3612 et
1128 3543 1262 3629 puotria

72 3657 150 3718 esse?
165 3657 215 3722 ch'
230 3657 263 3724 io
278 3659 454 3746 procurasi
469 3661 540 3726 fare
555 3660 587 3726 le
602 3658 742 3744 imagini
754 3660 780 3739 ³,
794 3659 1036 3744 specialmente
1051 3658 1087 3725 in
1099 3659 1126 3726 F
1127 3657 1257 3742 iandra,

74 3769 222 3844 quandoci
240 3776 316 3840 sara
332 3773 355 3840 il
371 3796 409 3842 re
425 3772 593 3860 Philippo.
613 3775 656 3840 Et
671 3777 780 3840 anche
791 3772 1015 3842 desideriamo
1030 3776 1157 3842 hauere
1172 3773 1256 3840 altre

73 3873 251 3998 instrumoni·
261 3891 327 3957 che
342 3889 375 3956 la
391 3891 431 3957 P.
450 3891 495 3957 V.
513 3890 602 3957 daua
617 3888 675 3976 gia
686 3890 822 3974 quando
837 3889 871 3956 io
886 3899 984 3957 staua
998 3891 1043 3972 ld,
1058 3901 1093 3959 et
1108 3887 1259 3976 sapiamo

75 4059 235 4082 Ἇ-ᾕ-

109 4169 117 4203 “
145 4177 300 4238 Everardus
323 4182 535 4256 Mercurianus,
558 4183 701 4239 assistens
718 4183 906 4256 Germaniae,
929 4189 960 4238 et
984 4191 1099 4256 postea,
1122 4180 1264 4238 defuncto

73 4253 161 4334 301113,
173 4279 286 4341 quartus
300 4272 486 4346 praepositus
498 4272 648 4345 generalis
661 4271 832 4330 Societatis.

106 4347 115 4379 ¹
144 4353 199 4413 Hae
211 4360 418 4418 meditationes
431 4361 529 4418 editae
542 4369 613 4418 sunt
624 4362 702 4419 inter
715 4379 804 4435 opers
816 4362 851 4419 S.
869 4361 1019 4418 Francisci
1034 4360 1072 4417 de
1090 4361 1191 4434 Borja.
1208 4359 1258 4418 cf.

70 4429 276 4515 Somuvoost,
291 4451 499 4522 uiolentaque
512 4453 548 4508 de
561 4453 594 4507 la
614 4449 801 4526 Compngnis
813 4453 849 4508 ds
855 4451 957 4524 Jtsns,
971 4452 996 4520 I,
1012 4448 1094 4507 1813.

109 4525 118 4558 ¹
145 4529 262 4592 Tandem
276 4555 334 4602 non
349 4539 555 4596 meditationes
567 4540 704 4612 Bergine,
718 4540 771 4596 sed
784 4540 859 4597 aliae
872 4557 890 4595 a
901 4539 1001 4596 Natali
1017 4539 1207 4612 compositae,
1226 4547 1258 4595 et

73 4606 174 4676 iunium
184 4623 350 4698 illustratae,
360 4629 441 4702 typis
454 4629 609 4686 mandatae
622 4629 742 4687 suerunt
754 4638 822 4703 post
832 4630 945 4686 Natalis
957 4629 1080 4698 obitum,
1093 4637 1127 4686 ut
1139 4629 1257 4702 proprio

74 4697 121 4756 ¹000
130 4704 218 4788 fusius,
229 4717 292 4773 Deo
301 4719 438 4790 juvante,
452 4717 597 4776 dicemus.
