3322 5376
639 541 673 597 28
693 543 779 615 Junrr
807 545 874 614 1567

704 691 799 756 186
877 749 881 758 .

475 799 510 856 S.
542 800 790 859 snnncrscus
819 803 872 859 na
900 803 1028 878 1³0an

399 901 558 968 PATRI
580 901 903 971 HIERONYMO
927 905 1110 974 NADAL

547 1027 668 1080 nonan,
690 1015 724 1071 28
742 1028 825 1084 Junn
846 1017 915 1087 1567
935 1019 957 1074 ¹.

90 1124 122 1165 1.
140 1110 198 1166 De
213 1112 354 1167 ratione
365 1111 517 1168 xribendi
527 1114 569 1168 ad
577 1113 787 1184 praepositum
797 1115 974 1188 generalem
993 1121 1133 1172 monetur
1145 1117 1279 1176 Natalis:
1297 1121 1369 1176 obli·

129 1200 301 1274 garriones
324 1220 347 1254 a
371 1200 516 1257 aaran
537 1201 572 1256 tn
586 1202 776 1275 fundationi
794 1203 993 1276 collegiorum
1014 1193 1299 1276 suscipiendae-r.
1319 1209 1367 1267 ne

134 1289 271 1360 spirae
284 1294 317 1346 et
331 1290 505 1361 Herbipolis
516 1291 728 1364 collegiis—3.
743 1291 892 1348 Manereo
903 1294 964 1348 duo
976 1295 1049 1349 socii
1062 1295 1243 1351 mittuntur:
1260 1299 1297 1353 rle
1316 1315 1367 1354 er-

131 1379 347 1451 cltiepiscopo
359 1380 532 1436 trevirensi:
546 1381 582 1436 de
595 1380 811 1453 indulgentiis:
817 1380 958 1452 facultas
977 1383 1151 1440 absolvendi
1169 1385 1304 1458 relapsos
1321 1404 1365 1443 re·

134 1473 286 1524 novato:
300 1470 341 1524 de
352 1469 473 1524 ratione
483 1467 648 1543 fundandi
665 1469 873 1544 collegia-4.
898 1471 994 1526 Varia
1011 1473 1053 1528 ad
1070 1473 1209 1528 ordinem
1228 1476 1365 1531 domesti-

134 1575 219 1614 aem
230 1558 508 1630 pertinentia-5.
523 1559 570 1615 De
584 1559 705 1614 Simone
719 1559 875 1614 leodiensi:
886 1561 923 1615 de
935 1559 1069 1616 Henrieo
1080 1562 1235 1632 Dionysio.
1244 1593 1264 1604 ·
1274 1567 1302 1620 ὁ.
1314 1565 1364 1621 An

136 1647 297 1712 domum,
306 1648 357 1702 vel
366 1647 538 1721 collegium,
546 1647 731 1720 Antverpiae
740 1649 920 1704 constituere
930 1649 1030 1722 magis
1039 1651 1189 1722 expediat:
1197 1653 1234 1707 de
1244 1653 1363 1711 ratione

136 1736 290 1810 collegia
300 1737 557 1806 instituendi-7.
569 1737 616 1793 De
624 1737 921 1794 casatusreseroatis:
930 1739 967 1794 de
976 1739 1117 1795 Adriano
1128 1742 1359 1798 Adriaenssens.

183 1871 219 1920 1.
270 1855 376 1942 Jhus.
402 1855 510 1920 Molto
530 1853 616 1921 Rdo.
639 1853 676 1920 in
698 1855 786 1939 Xp0.
812 1853 934 1920 Padre.
962 1857 1034 1922 Pax
1061 1855 1201 1944 Christi,
1227 1867 1293 1925 etc.
1319 1859 1359 1929 Si

98 1989 201 2036 sono
220 1967 387 2036 riceuute
402 1969 515 2054 quelle
528 1967 563 2035 di
580 1969 624 2036 V.
643 1970 696 2050 R,
714 1967 748 2035 di
761 1969 803 2035 28
819 1969 854 2035 d'
872 1968 1004 2054 Aprile,
1019 1971 1053 2051 6,
1068 1971 1088 2036 8
1102 1980 1137 2038 et
1153 1989 1192 2038 21
1211 1971 1245 2038 di
1258 1975 1360 2060 Mag·

96 2083 182 2170 gin,
204 2084 248 2150 di
266 2085 421 2153 Treuere
436 2093 472 2150 et
488 2085 649 2153 Bruselas
665 2084 691 2150 ⁸:
710 2105 795 2151 sono
814 2086 924 2152 anche
944 2085 1089 2154 riceuuti
1110 2085 1134 2150 li
1146 2086 1255 2154 scritti
1270 2089 1360 2158 della

101 2200 235 2282 visita,
255 2199 340 2268 nelli
357 2200 461 2284 quali,
479 2209 704 2286 quantunque
720 2199 748 2266 si
764 2200 853 2268 uede
868 2200 901 2266 la
922 2200 1026 2267 molta
1041 2201 1211 2287 diligenzn
1228 2214 1262 2272 et
1278 2203 1358 2270 tati-

98 2319 174 2384 che
194 2315 237 2382 di
255 2317 304 2382 V.
323 2317 380 2396 R,
404 2337 474 2381 non
497 2314 610 2385 uorrei
630 2313 783 2402 pigliassi
805 2325 898 2383 tanta
918 2337 978 2403 per
1002 2317 1026 2380 l'
1043 2315 1192 2384 auenire.
1220 2320 1263 2384 Et
1286 2320 1357 2386 cosi
1440 2353 1444 2363 ·

100 2433 205 2500 nelle
224 2451 313 2498 cose
327 2430 382 2498 del
399 2452 553 2517 gouerno
569 2441 604 2500 et
620 2430 664 2496 de
682 2428 887 2516 particolari,
906 2451 975 2496 non
992 2431 1154 2500 accederit
1174 2431 1220 2497 mi
1240 2432 1355 2500 mandi

102 2569 181 2632 qua
198 2545 308 2632 copia
322 2546 357 2613 di
373 2547 487 2631 quello
503 2548 567 2613 che
582 2547 627 2612 ha
647 2543 815 2626 ordinato,
834 2568 872 2614 se
887 2566 957 2611 non
973 2543 996 2610 li
1012 2546 1139 2630 paressi
1162 2545 1355 2615 altrimente

102 2661 146 2727 in
162 2663 322 2748 qualche
338 2681 429 2728 caso.
448 2663 552 2728 Basta
567 2681 634 2746 que
651 2661 694 2728 V.
710 2662 751 2727 R.
766 2659 900 2746 ritenga
916 2680 1035 2745 apreso
1047 2657 1081 2726 di
1093 2681 1131 2728 se
1143 2661 1176 2727 la
1191 2663 1353 2730 memoria

105 2777 146 2844 di
163 2797 255 2844 cose
270 2774 385 2855 simili,
403 2797 424 2842 0
440 2797 524 2845 uero
539 2775 563 2841 il
579 2773 767 2862 prouincial
781 2796 802 2840 o
818 2785 923 2841 rettor
938 2774 1024 2841 achi
1038 2784 1145 2842 toccu.
1161 2776 1259 2845 Delle
1271 2796 1352 2846 cose

106 2891 171 2976 piis
190 2890 384 2958 uniuersali
401 2901 435 2959 et
451 2889 647 2976 importanti
663 2890 709 2955 mi
725 2892 823 2975 potra
838 2891 910 2956 dar'
928 2888 1024 2956 auiso
1040 2888 1141 2955 etiam
1162 2889 1198 2956 in
1217 2890 1348 2958 scritto.

105 3007 224 3072 Forse
240 3007 353 3074 anche
368 3005 398 3071 si
413 3005 575 3072 mandari
592 3005 651 3090 qui
666 3006 690 3070 l’
708 3004 828 3073 ordine
844 3005 924 3070 dato
945 3005 1200 3090 generalmente
1220 3005 1277 3072 alli
1297 3005 1351 3071 vi-

103 3119 261 3201 sitatori,
282 3140 379 3189 come
394 3123 422 3187 s'
441 3122 460 3188 ὁ
476 3119 643 3208 aggionto
663 3121 720 3186 all’
739 3119 858 3187 usfitio.
877 3119 924 3188 Se
940 3119 1075 3185 intorno
1091 3119 1147 3185 alli
1167 3119 1275 3186 scritti
1291 3121 1350 3208 gia

102 3235 198 3302 detti
214 3239 396 3303 occorrera
412 3236 494 3305 dare
510 3235 606 3302 auiso
626 3236 762 3315 alcuna,
780 3233 809 3301 si
825 3234 919 3301 dari.
937 3234 1003 3301 Del
1018 3233 1122 3301 modo
1137 3254 1158 3299 ο
1180 3234 1291 3302 forma
1314 3237 1349 3304 di

105 3351 172 3417 sar'
192 3350 343 3418 contrati
360 3351 418 3438 gia
435 3355 464 3418 s'
482 3353 501 3418 ἑ
517 3351 637 3417 scritto
655 3353 713 3417 un'
731 3350 816 3416 altra
833 3350 936 3415 uolta.
955 3349 1001 3416 Se
1014 3349 1150 3433 quando
1162 3348 1189 3415 si
1207 3355 1348 3419 trattara

105 3467 204 3534 delle
218 3467 342 3535 lettere
357 3469 507 3536 humane
521 3477 556 3532 et
572 3465 796 3552 philosophia,
812 3463 840 3530 si
856 3464 1022 3530 ricercara
1034 3461 1162 3549 oblig0,
1177 3473 1212 3531 et
1227 3469 1346 3549 patera

106 3581 306 3668 spediente‚
321 3580 461 3667 sipotra
476 3583 560 3662 fare,
574 3582 607 3648 al
622 3583 724 3648 modo
739 3583 803 3648 che
819 3579 854 3645 in
868 3579 1008 3646 Cuenca
1024 3588 1058 3644 et
1074 3578 1127 3644 col
1142 3576 1291 3644 cardinal
1308 3578 1344 3648 di

108 3700 282 3783 Augusta
297 3695 326 3763 si
343 3697 430 3778 fece,
447 3718 469 3763 o
484 3719 568 3764 uero
583 3718 648 3764 con
669 3708 787 3763 mutua
804 3694 1025 3782 obligatione;
1043 3693 1176 3760 benche
1192 3691 1215 3759 il
1235 3692 1344 3778 primo

107 3813 217 3880 modo
233 3833 317 3898 pare
333 3811 390 3898 piu
407 3811 644 3880 conueniente.
664 3813 707 3877 Et
727 3810 817 3877 circa
837 3812 869 3877 la
889 3807 1043 3896 quantita
1059 3807 1137 3873 delli
1161 3807 1287 3889 lettori,
1313 3809 1342 3876 si

104 3931 209 4014 potra
227 3929 336 3995 tener’
351 3926 492 4012 rispetto
504 3927 570 3994 alla
582 3925 736 4014 quantita
747 3925 835 3993 della
847 3923 1057 4002 fundatione,
1076 3931 1110 3988 et
1122 3942 1265 3990 numero
1276 3924 1340 3992 che

100 4044 131 4110 si
160 4044 265 4130 potri
292 4052 498 4125 sustentare,
528 4043 677 4109 secondo
702 4041 726 4106 il
753 4039 896 4126 disegno
922 4037 956 4104 di
977 4048 1096 4104 nostro
1123 4038 1163 4103 P.
1186 4038 1336 4123 Laynez,

97 4159 299 4247 approbato
312 4179 374 4244 per
389 4158 421 4225 la
435 4157 705 4244 congregatione
722 4157 747 4239 ³3
764 4157 898 4223 benche
914 4154 978 4220 alla
993 4150 1113 4218 lettion
1129 4153 1172 4219 de
1187 4150 1258 4218 casi
1273 4154 1338 4221 che

152 4309 162 4341 ¹
202 4309 251 4363 Ex
264 4309 437 4380 archetypo,
454 4324 471 4363 a
488 4304 658 4363 Fernandez
675 4312 805 4370 exarato,
824 4311 855 4359 et
867 4302 991 4372 Borgiae
1011 4317 1099 4356 manu
1110 4300 1289 4373 subscripto,
1303 4300 1335 4357 in

93 4396 179 4452 Corl.
197 4411 250 4468 34,
264 4395 374 4468 duplici
387 4394 450 4470 tol,
465 4397 518 4452 206
534 4399 592 4466 (42,
605 4393 666 4465 43).
683 4393 759 4451 Vide
776 4392 867 4466 epist.
883 4390 946 4461 478,
959 4387 1089 4460 48o482,
1102 4387 1210 4462 quibus
1223 4387 1271 4444 hic
1289 4404 1334 4445 re-

91 4484 282 4560 spondetur.

151 4577 164 4610 ²
203 4573 270 4628 Has
283 4573 409 4640 litteras,
421 4585 452 4628 21
468 4571 537 4644 Maji
549 4571 645 4644 dnus,
657 4570 760 4628 nullibi
774 4570 916 4627 hactenus
929 4565 1058 4638 reperire
1075 4564 1161 4621 nobis
1174 4564 1271 4622 licuit.

153 4663 165 4697 ³
206 4661 286 4717 Vide
299 4662 479 4717 [nudulum
493 4661 649 4718 societatis
658 4660 747 4732 Jesu,
764 4666 786 4715 t.
805 4657 843 4723 11,
861 4671 952 4730 pagg.
975 4667 1037 4724 214,
1056 4662 1087 4709 et
1104 4652 1166 4723 5363
1185 4661 1216 4710 et
1232 4660 1332 4712 nostra

95 4753 307 4809 Monumentn
315 4751 538 4825 paedagogica,
550 4767 622 4824 pag.
638 4764 687 4820 49.
