3322 5376
579 490 596 546 8
615 493 691 560 Mun
713 491 782 564 1567
1203 507 1253 566 471

95 661 156 709 sare
167 660 226 707 333
240 642 279 711 S.
296 641 402 724 sria„
420 645 468 710 ho
483 653 606 730 saputo
623 645 691 710 che
707 665 765 714 333
780 643 907 712 andsto
924 665 944 712 a
963 643 1106 732 Pariggi
1127 648 1195 713 co’l
1216 669 1292 714 333-

93 754 183 823 dinale
196 755 228 822 di
242 757 378 826 Lorena
397 760 416 826 ¹.
433 759 477 825 Et
494 757 566 826 cosi
583 758 602 825 ὲ
618 757 642 824 il
658 757 803 846 disegno
818 769 937 827 nostro
948 762 1013 830 che
1030 762 1115 828 Mr0.
1135 760 1293 830 Oliuerio

94 871 167 939 tratti
190 871 252 939 col
277 894 430 942 vescouo
453 873 522 942 che
546 872 681 960 prepari
702 895 762 960 per
782 873 815 941 13
830 873 1031 944 fundatione
1058 875 1291 945 liberalmente

92 987 185 1072 quello
197 989 262 1056 che
276 1010 299 1055 a
313 989 358 1056 da
374 988 489 1072 esser’,
506 999 542 1057 et
557 991 625 1056 che
647 987 728 1057 tutti
742 989 800 1056 dni
814 989 859 1056 da
875 988 1016 1076 Pasiggi
1033 989 1256 1060 ritornaremo
1271 1013 1292 1058 a

92 1103 243 1187 Verduno,
261 1125 363 1174 33333
377 1126 476 1192 spero
492 1107 565 1173 (333
581 1105 695 1174 33313
713 1103 826 1192 gratia
840 1105 895 1172 del
911 1103 1073 1193 Signore.

141 1235 168 1303 5.
213 1217 261 1289 Mi
276 1240 420 1288 occorre
434 1241 572 1304 ancora,
590 1221 715 1302 Padre‚
733 1220 929 1290 consultare
943 1220 977 1288 13
993 1222 1032 1288 P.
1049 1222 1093 1289 V.
1112 1222 1181 1288 due
1197 1244 1218 1289 o
1238 1232 1290 1291 tre

88 1355 152 1400 cose
166 1356 223 1421 per
238 1345 361 1420 questa
375 1335 564 1423 prouincia.
583 1337 620 1403 Io
636 1337 682 1402 ho
698 1336 794 1405 detto
810 1337 900 1405 33113
914 1336 982 1404 (133
998 1336 1083 1404 altre
1094 1335 1129 1402 di
1144 1337 1290 1406 Genna-

86 1447 130 1515 nia
142 1460 173 1515 et
186 1450 328 1518 Austria
344 1451 460 1521 chela
475 1472 591 1518 mezza
605 1453 691 1518 hora
704 1452 772 1520 che
788 1453 972 1519 haueuano
984 1451 1019 1518 di
1033 1451 1187 1522 oratione
1198 1453 1292 1540 dopo

85 1565 196 1632 333313
210 1565 405 1634 diuidesero
423 1565 460 1633 in
475 1566 532 1633 doi
552 1565 676 1652 quarti,
693 1564 716 1633 l'
732 1587 803 1633 uno
819 1565 937 1634 auanti
952 1587 1051 1648 cena,
1069 1565 1092 1633 l’
1117 1568 1204 1634 altro
1223 1567 1289 1634 fusi

85 1679 344 1766 principalmente
359 1701 420 1768 per
440 1702 571 1751 essame
586 1682 724 1767 quando
739 1703 855 1749 vanno
871 1682 903 1749 al
918 1681 1015 1749 letto.
1035 1683 1084 1749 La
1099 1703 1202 1749 causa
1217 1702 1288 1763 333,

84 1795 136 1863 che
149 1798 190 1860 m'
207 1795 446 1864 131333333333
462 1797 529 1864 che
543 1797 568 1862 li
588 1796 712 1864 fratelli
726 1817 799 1864 non
818 1817 923 1864 erano
943 1795 1087 1882 disposti
1114 1818 1174 1883 per
1194 1817 1291 1864 orare

84 1909 142 1976 cosi
165 1912 196 1977 31
222 1913 329 1998 longo
355 1912 447 1999 dopo
469 1932 568 1995 3333,
593 1921 629 1981 et
653 1909 680 1978 s'
702 1912 1003 1994 adormentauano,
1027 1921 1062 1981 et
1084 1909 1113 1978 si
1140 1912 1289 1997 perdeua

84 2033 188 2112 tempo.
205 2028 250 2095 Et
265 2037 389 2113 questo
404 2029 452 2095 ho
467 2027 588 2095 scritto
603 2027 636 2094 io
652 2027 717 2094 alla
739 2029 780 2094 Ρ.
801 2029 844 2095 V.
871 2025 952 2094 nelli
968 2025 1080 2095 scritti
1095 2027 1184 2096 delle
1204 2027 1290 2094 altre

81 2141 247 2224 prouincie,
266 2142 508 2230 specialmente
522 2143 558 2209 di
578 2143 690 2228 quella
706 2143 761 2210 del
778 2145 818 2210 P.
837 2141 988 2224 Canisio;
1006 2152 1042 2208 et
1056 2142 1089 2209 13
1111 2145 1151 2210 Ρ.
1175 2143 1218 2209 V.
1243 2143 1289 2207 ha

82 2256 214 2340 aprobati
231 2257 312 2325 tutti
329 2256 433 2344 quelli
449 2256 571 2326 ordini.
590 2259 629 2326 ln
644 2267 765 2343 questa
785 2259 832 2324 ho
853 2257 972 2323 voluto
996 2257 1067 2326 lare
1094 2256 1118 2322 il
1141 2256 1289 2326 medesi-

80 2389 134 2452 n03
149 2393 202 2438 333
218 2375 388 2441 trouando
403 2371 557 2461 giudicio
573 2372 745 2441 contrario
760 2373 816 2442 del
834 2374 874 2439 P.
892 2371 1046 2440 Antonio
1062 2373 1089 2456 ',
1106 2392 1178 2439 non
1198 2370 1220 2438 l'
1238 2373 1285 2437 ho

80 2485 179 2553 voluto
192 2488 379 2574 essequire‚
397 2488 532 2558 benene
547 2488 580 2556 al
597 2490 636 2555 Ρ.
656 2487 838 2556 1313133333
853 2489 865 2521 ³
883 2497 918 2556 et
934 2489 975 2555 P.
1000 2487 1178 2556 Leonardo
1199 2487 1212 2519 ⁴
1232 2487 1282 2574 gli

79 2621 146 2683 3333
159 2603 256 2672 13333.
275 2603 345 2670 Vn'
362 2602 448 2671 altra
464 2623 547 2671 cosa
563 2605 610 2670 ho
629 2612 776 2684 trouat0,
795 2603 876 2689 qual
890 2624 959 2670 non
975 2605 1022 2669 ho
1035 2601 1126 2670 visto
1140 2600 1176 2668 in
1196 2603 1282 2670 altro

79 2714 152 2799 1333,
167 2717 315 2787 31333113
329 2717 458 2786 matina
472 2717 496 2784 11
512 2728 564 2786 tre
579 2717 760 2804 quadranti
776 2719 843 2786 che
857 2719 975 2788 133333
990 2718 1034 2784 de
1050 2716 1206 2785 oratione
1228 2715 1284 2784 di-

79 2828 201 2914 uidono,
215 2833 303 2914 3133,
317 2832 414 2900 finita
424 2853 541 2902 mezza
551 2834 648 2915 hora,
658 2854 789 2900 sonano
800 2833 833 2900 31
844 2833 914 2902 fine
925 2833 1005 2899 dell'
1019 2830 1173 2901 oratione
1185 2851 1283 2899 men-

79 2946 143 3027 tale,
159 2957 194 3015 et
208 2947 375 3035 principio
389 2947 479 3017 della
493 2948 623 3017 vocale.
644 2950 693 3016 La
708 2951 750 3016 P.
768 2949 813 3016 V.
828 2947 878 3016 sia
890 2957 1051 3016 contenta
1062 2946 1098 3012 di
1113 2946 1285 3015 aduertite

77 3059 104 3124 di
117 3063 223 3148 quello
238 3066 304 3131 che
319 3062 346 3130 s’
362 3064 443 3131 1333
459 3039 543 3132 sare.

128 3178 159 3245 6.
206 3178 428 3248 Scriuendosi
443 3189 565 3264 questa
580 3179 715 3260 lettera,
729 3179 749 3247 ὁ
764 3188 893 3247 venuto
909 3178 952 3246 (13
964 3175 1105 3264 Dilinga
1121 3179 1208 3244 Mr0.
1227 3176 1284 3246 si-

74 3310 172 3374 mone,
188 3292 361 3363 leodiense
383 3295 408 3376 ⁸,
432 3293 592 3362 mandato
613 3295 667 3362 dal
690 3295 731 3360 P.
755 3295 841 3361 Mr0.
865 3292 1018 3374 Canisi0,
1044 3291 1195 3359 secondo
1218 3291 1284 3359 che

73 3405 112 3472 lui
126 3407 168 3474 mi
183 3407 271 3490 dice,
289 3431 351 3496 per
370 3419 465 3477 certe
481 3407 711 3478 inobedientis
726 3407 761 3475 di
776 3429 845 3475 non
861 3405 991 3477 vuoler'
1011 3408 1084 3475 fare
1105 3415 1201 3474 certa
1221 3427 1280 3492 pe-

74 3519 200 3592 nitentia
215 3527 281 3594 che
295 3524 320 3592 li
335 3526 482 3592 dauano.
501 3526 587 3593 Mr0.
608 3522 747 3592 Canisio
762 3545 823 3610 per
842 3524 963 3590 lettere
978 3523 1022 3591 de
1042 3535 1084 3605 25
1106 3521 1141 3588 d'
1165 3519 1285 3606 Aprile

74 3657 134 3703 333
147 3639 192 3706 mi
206 3639 282 3709 dice
297 3641 385 3707 altro
401 3643 466 3708 che
481 3650 615 3725 questo,
635 3638 721 3706 cini:
739 3639 927 3725 Speramus
940 3638 984 3704 R.
1005 3638 1042 3703 T.
1058 3635 1283 3702 133πὶ3333331-

75 3755 187 3836 turum,
206 3755 295 3842 quod
321 3755 376 3821 uel
391 3755 497 3824 inuiti
523 3757 702 3822 mittamus
723 3754 968 3820 clmrissimum
985 3753 1144 3841 fratrem
1165 3752 1284 3839 mogi-

73 3873 172 3936 strum
186 3871 370 3938 Simonem.
388 3871 538 3938 Causam
554 3869 659 3936 huius
671 3869 847 3936 missionis
863 3870 933 3954 ipse
942 3869 1099 3957 sortasse
1115 3865 1242 3948 reddat,
1253 3872 1285 3931 et

74 4002 126 4047 nos
148 3985 225 4052 aliis
246 3987 441 4072 poterimus
468 3986 652 4071 explicare.
682 3985 809 4051 Maluit
829 3985 899 4070 ipse
914 3983 960 4050 ad
979 3982 1025 4050 R.
1054 3982 1092 4048 T.
1116 4003 1220 4067 quam
1237 3980 1283 4048 ad

115 4161 121 4191 ¹
160 4162 278 4220 Carolus
291 4162 415 4219 Guisius
427 4161 477 4234 (de
490 4161 609 4233 Guise).

112 4253 122 4284 ¹
155 4251 258 4326 Vinek,
271 4254 419 4308 rhenanae
432 4250 603 4324 provinciae
616 4249 813 4325 praepositus.

112 4339 122 4370 ³
156 4341 243 4414 Auer,
255 4348 355 4398 rector
367 4339 573 4412 moguntinus.

112 4429 123 4460 ⁴
156 4429 268 4498 Kessel,
281 4437 379 4486 rector
391 4429 583 4486 coloniensis.

113 4516 124 4549 ⁵
156 4516 253 4574 Simon
265 4517 424 4574 Demesius
437 4517 576 4574 scribitur
589 4517 619 4573 in
637 4517 772 4588 catalogo
791 4514 1031 4572 scholasticorum
1049 4520 1119 4569 vota
1136 4526 1279 4568 renovan-

71 4599 133 4658 tiuns
143 4606 160 4659 ό
170 4606 299 4678 anuarii
311 4623 389 4662 anno
404 4607 483 4676 1567.
496 4607 531 4662 Iu
544 4607 602 4662 3113
614 4607 761 4678 catalogo,
773 4604 822 4662 cui
834 4603 939 4661 titulus
951 4601 1160 4677 Professionss
1172 4605 1200 4656 st
1212 4605 1281 4656 vota

71 4691 269 4766 3133333554
282 4695 419 4766 3313576,
434 4695 512 4753 idern
526 4695 654 4752 Emrius
667 4696 818 4752 scribitur.
839 4692 916 4750 Vide
933 4693 1021 4766 epist.
1038 4705 1103 4764 411,
1121 4709 1154 4747 n.
1178 4703 1202 4763 1,
1217 4697 1279 4746 etc.
