3482 5386
668 501 834 558 munuum
1272 503 1326 573 763

137 649 216 730 reli,
237 651 360 736 etipse
378 653 461 719 baro
484 651 558 738 agit
579 673 716 737 quoque
740 674 818 719 cum
845 653 1059 739 imperatore.
1082 655 1223 720 Romam
1244 655 1358 721 adhuc

135 737 222 803 nihil
249 739 366 826 scripsi
397 741 556 826 cuipiam,
586 753 824 827 praeterquam
855 744 898 808 ad
928 741 1169 828 praepositum.
1200 743 1357 810 Vestram

134 837 248 894 autem
266 829 389 894 Ill.⁰²¹²m
406 829 652 898 Celsitudinem
676 843 873 899 reuerenter
896 852 980 916 rogo
1001 830 1065 896 sibi
1091 833 1156 897 hoc
1177 832 1355 917 negotium

135 916 228 982 cordi
239 938 313 985 esse
325 917 419 998 velit,
434 928 468 987 et
482 919 600 988 iuuare
613 941 687 1000 nos,
703 931 741 984 ut
753 919 853 986 eitius
865 918 1152 1005 dispensationem
1165 941 1185 984 a
1197 921 1233 988 S.
1248 922 1293 986 D.
1308 923 1353 986 N.

134 1003 362 1088 impetremus
388 1009 534 1074 Tractus
554 1007 611 1076 ille
630 1006 665 1072 in
689 1006 859 1075 territorio
886 1007 1013 1073 domini
1029 1029 1049 1073 a
1065 1007 1164 1075 Rosis
1187 1018 1239 1076 est
1263 1019 1356 1075 totus

133 1095 243 1160 adhuc
264 1095 472 1178 catholicus,
495 1107 529 1163 et
550 1097 653 1162 habet
673 1097 770 1181 plura
790 1096 1004 1164 monasteria.
1030 1097 1201 1164 Mereatur
1227 1117 1355 1181 quaeso

133 1182 219 1247 hanc
234 1185 369 1250 laudem
384 1185 482 1250 ΙΙΙ.Ιιηι
493 1187 536 1250 D.
553 1186 692 1265 Vestra,
710 1195 744 1252 et
760 1194 957 1270 promoueat
978 1184 1154 1272 negotium
1175 1196 1242 1251 tam
1259 1185 1354 1272 pium

131 1278 164 1334 et
184 1271 264 1338 vtile
285 1272 464 1339 ecclesiae.
486 1273 566 1340 Dixi
587 1273 677 1342 enim
699 1272 819 1339 baroni
843 1296 897 1340 me
921 1277 1004 1340 haec
1029 1296 1088 1359 per
1100 1275 1206 1340 solam
1226 1275 1353 1340 sstem

130 1359 172 1424 D.
193 1361 349 1427 Vestram
367 1371 633 1428 tractaturum...

704 1532 782 1596 XIII

529 1664 568 1718 B.
591 1662 743 1720 PETRUS
763 1661 947 1718 CANISIUS

404 1799 563 1846 seuero
592 1799 829 1847 FRANCISCO
857 1799 910 1846 ne
939 1799 1073 1860 BORJA

505 1911 677 1998 Dilingae,
698 1928 738 1996 25
751 1911 832 2000 JuIii
854 1912 937 1994 1566
957 1915 978 1976 ¹.

128 2037 246 2094 Natalis
258 2043 291 2096 in
305 2043 465 2097 Austrinm
476 2044 692 2114 proficiscitur:
706 2046 741 2100 de
755 2047 955 2099 instrumento
962 2041 1162 2116 fundationis
1172 2044 1293 2117 collegii
1304 2045 1350 2099 di-

161 2128 284 2202 lingani
293 2149 362 2186 cum
375 2132 510 2204 episcopo
522 2139 695 2207 augustano
708 2133 901 2204 colloquatur:
913 2133 1095 2206 reginarum
1105 2150 1211 2188 curam
1222 2149 1242 2186 a
1253 2133 1349 2188 Socie-

160 2222 220 2273 tote
232 2219 316 2273 haud
328 2223 541 2276 assumendam
546 2222 645 2294 fuisse
659 2223 821 2277 existimat.

248 2335 281 2402 A
300 2353 338 2401 21
357 2335 392 2401 di
409 2346 531 2420 questo
548 2359 641 2404 mese
656 2337 685 2402 si
703 2336 789 2422 parti
806 2337 841 2402 di
857 2359 924 2423 qua
944 2337 968 2403 iI
980 2338 1066 2404 Rd0.
1096 2336 1206 2403 Padre
1227 2347 1345 2402 nostro

125 2420 309 2504 visitatore,
323 2435 358 2489 et
370 2425 512 2492 insieme
523 2447 588 2492 con
601 2425 648 2492 Iui
660 2427 683 2491 il
696 2430 739 2492 D.
760 2425 875 2492 Pietro
886 2428 1044 2511 hungaro
1056 2426 1082 2506 ¹,
1100 2426 1160 2510 qm'
1173 2447 1343 2512 magnum

125 2513 177 2574 sui
191 2513 401 2578 desiderium
424 2516 540 2580 multis
562 2515 622 2580 Itoc
645 2517 713 2580 loco
735 2517 885 2600 reliquit,
911 2518 950 2581 Ρ.
967 2518 1054 2581 Paes
1067 2515 1091 2593 ³,
1118 2514 1142 2578 il
1159 2516 1238 2599 qual
1255 2515 1344 2580 forse

123 2599 194 2666 sara
210 2601 424 2685 predicatore
440 2604 508 2670 dell
523 2603 739 2690 imperatrice
756 2603 792 2668 in
809 2603 955 2684 Vienna,
973 2614 1007 2670 et
1024 2602 1047 2668 il
1071 2613 1190 2668 nostro
1211 2604 1344 2669 fratello

123 2687 288 2755 Giacomo
300 2690 326 2772 ⁴,
341 2693 409 2759 'che
425 2692 447 2755 I’
466 2713 556 2758 anno
573 2707 707 2777 passato
724 2693 760 2758 su
777 2713 874 2760 meco
890 2691 924 2757 in
941 2694 1062 2770 Roma,
1086 2704 1120 2756 et
1136 2692 1159 2755 I'
1175 2691 1293 2757 ultimo
1306 2694 1343 2757 fu

123 2775 342 2862 Sigismondo
355 2782 380 2860 ⁵,
398 2779 421 2843 il
434 2783 512 2864 qual
529 2781 718 2848 hauendosi
734 2779 866 2866 spedito
882 2802 946 2846 con
962 2781 983 2844 li
996 2781 1070 2846 suoi
1083 2779 1117 2846 in
1133 2782 1256 2866 Praga,
1272 2792 1343 2846 tor-

123 2869 200 2932 nara
219 2867 252 2931 di
269 2889 387 2934 nuouo
405 2890 425 2932 a
440 2869 592 2955 Dilinga,
615 2871 780 2955 piacendo
797 2870 828 2935 aI
841 2869 999 2954 Signore.
1027 2870 1125 2938 Oltra
1148 2868 1183 2934 di
1208 2880 1342 2952 quest0,

123 2953 263 3040 pigliarai
278 2955 302 3021 il
316 2958 412 3023 detto
429 2959 539 3025 Padre
556 2958 613 3023 doi
630 2957 748 3042 nouitij
767 2957 799 3024 d'
816 2958 1023 3044 Ingolstadio
1040 2981 1100 3043 per
1116 2957 1256 3024 menarli
1277 2977 1342 3024 con

122 3063 197 3108 seco
213 3045 249 3109 in
265 3043 418 3125 Austria,
437 3046 656 3133 adiungendo
672 3067 796 3113 ancora
811 3046 834 3111 il
849 3050 888 3114 Ρ.
904 3047 1062 3114 Cimenes
1082 3058 1110 3126 ²,
1125 3068 1188 3113 suo
1201 3045 1341 3130 antiquo

122 3132 287 3200 scrittore.
308 3137 376 3200 Per
393 3135 473 3199 tutti
488 3134 611 3220 questi,
635 3135 855 3222 monsignore
871 3137 971 3201 Rmo.
991 3145 1026 3200 et
1042 3135 1148 3200 IIImo.
1169 3133 1341 3200 cardinale

121 3218 153 3282 di
169 3223 329 3306 Augusta
345 3225 390 3289 ha
405 3224 485 3289 dato
502 3245 570 3290 una
586 3246 675 3290 naue
691 3223 803 3290 insino
824 3247 844 3290 a
865 3224 1010 3304 Vienna3
1036 3236 1071 3290 et
1094 3224 1112 3290 ὲ
1135 3225 1179 3298 da
1201 3225 1340 3290 eredere

122 3309 182 3375 che
197 3312 230 3375 Ia
247 3321 377 3377 uenuta
392 3311 448 3379 del
463 3313 618 3397 predetto
634 3313 747 3380 Padre
763 3312 937 3390 visitatore
954 3315 1030 3378 sara
1042 3335 1061 3378 a
1074 3314 1186 3396 quella
1197 3311 1340 3396 prouin-

120 3395 168 3462 cia
183 3399 217 3464 di
234 3397 376 3465 Austria
392 3402 497 3466 molto
514 3401 545 3468 al
561 3402 733 3487 proposito
750 3401 784 3467 in
801 3400 912 3486 questi
925 3399 1028 3484 tempi
1042 3411 1136 3466 tanto
1150 3399 1339 3466 turbulenti

120 3495 152 3548 et
168 3486 361 3570 periculosi,
380 3509 440 3575 per
457 3501 606 3574 respetto
623 3492 666 3557 de
681 3500 775 3557 tante
796 3487 948 3569 motioni,
974 3491 1037 3555 che
1060 3490 1254 3574 procedono
1277 3511 1340 3574 per

120 3583 220 3641 conto
235 3575 270 3640 di
288 3589 409 3660 questa
423 3579 649 3666 grandissima
665 3600 802 3666 guerra,
821 3581 868 3644 ita
890 3585 927 3643 ut
947 3578 988 3643 de
1007 3599 1141 3642 summa
1165 3598 1284 3642 rerum
1309 3583 1340 3644 et

121 3665 217 3730 totius
234 3666 375 3752 imperij
391 3687 484 3732 nunc
498 3669 563 3754 ogi
577 3669 748 3734 uideatur.
768 3667 862 3734 Iddio
880 3665 994 3753 uoglia
1014 3687 1074 3752 per
1094 3668 1126 3732 Ia
1150 3687 1212 3732 sua
1232 3667 1338 3732 bontir

170 3879 185 3911 ²
213 3869 275 3940 Sic,
289 3886 341 3942 pro
348 3871 496 3942 limones.

169 4045 176 4078 ¹
213 4049 259 4103 Ex
272 4052 464 4122 autographo,
477 4051 507 4106 iu
520 4050 618 4123 Epist.
636 4049 765 4114 canisii,
781 4051 816 4119 11,
831 4067 860 4105 n.
878 4063 938 4118 172.
954 4049 1029 4104 Vide
1041 4065 1109 4121 pag.
1123 4047 1184 4119 1343
1201 4049 1337 4120 19631973

120 4143 177 4204 ²093
190 4147 221 4194 el
235 4152 298 4208 275·

166 4229 177 4259 ¹
213 4227 319 4283 Petrus
338 4229 482 4285 Heruath.

165 4313 176 4346 ³
210 4317 358 4372 Henricus
371 4318 448 4374 Paez
466 4319 574 4388 (Paes),
597 4318 751 4386 lusitanus,
774 4317 811 4373 de
824 4334 883 4390 quo
895 4316 963 4372 vide
986 4331 1085 4398 supra,
1104 4333 1175 4388 pag.
1195 4329 1256 4387 194,
1271 4330 1334 4386 214,

118 4411 209 4459 annot.
223 4421 252 4474 43
267 4413 298 4460 et
311 4408 374 4476 216,
389 4415 489 4464 annot.
503 4421 531 4477 7.

163 4493 176 4525 ⁴
210 4493 323 4567 Seeler,
342 4495 380 4552 de
397 4513 455 4569 quo
473 4496 585 4553 dictum
607 4506 654 4553 est
676 4499 707 4554 in
731 4497 827 4570 Epist.
847 4495 966 4566 Natat,
989 4495 1028 4560 11,
1052 4494 1114 4564 558.
1138 4493 1214 4551 Vide
1236 4511 1337 4567 supra,

119 4592 179 4650 ras·
195 4595 255 4654 194.
272 4595 336 4654 195·
635 4583 644 4610 ⁹

165 4669 177 4702 ⁸
210 4671 407 4730 Dominatius.
419 4673 495 4731 Vide
508 4693 575 4747 pag.
590 4671 651 4750 229',
663 4683 762 4732 annot.
777 4686 804 4744 5;
819 4681 850 4730 et
861 4684 925 4746 247,
938 4680 1040 4728 annot.
1057 4685 1083 4727 1.
