3494 5392
358 462 411 505 xrv
680 449 870 506 Puooaururt
890 459 994 506 runru
1012 457 1183 504 vouuurms

322 603 518 671 concionari
529 603 652 682 solere,
666 612 701 670 et
713 601 854 688 insuper
865 598 1113 688 imperatricem
1126 598 1264 686 petiisse
1278 608 1315 665 ut
1327 599 1434 665 semel
1444 598 1548 668 etiarn

322 739 494 795 matronas
517 728 615 795 aulae
631 725 748 814 regiae
764 726 1011 811 alloqueretur,
1041 726 1127 791 haec
1144 724 1307 790 addebat:
1329 725 1405 790 rHa
1420 725 1547 810 grand'

323 851 494 919 authoritel
511 873 673 938 appresso
694 852 717 917 l’
740 851 847 918 lllm0.
871 851 1000 936 legato,
1023 858 1058 918 et
1078 850 1177 916 Rmo.
1200 847 1334 928 nuntio,
1356 857 1391 916 et
1413 845 1494 914 tutti
1522 847 1547 914 li
1637 889 1639 892 -

321 975 474 1062 prencipi
489 973 662 1042 catholici.
677 973 874 1042 Confessasi
886 993 949 1039 con
967 971 1015 1039 lui
1026 973 1158 1058 publice
1176 973 1264 1040 nella
1279 971 1397 1041 chiesa
1413 971 1547 1058 magio-

321 1123 370 1184 re,
388 1111 422 1170 et
437 1099 514 1167 dice
534 1121 645 1168 messa
663 1100 796 1187 publice
816 1099 906 1190 nella
925 1098 1056 1184 capella
1072 1108 1188 1164 nostra
1209 1099 1242 1164 le
1262 1099 1349 1165 feste
1370 1106 1405 1164 et
1424 1099 1546 1165 dome-

321 1224 424 1294 niche
439 1226 461 1291 l'
481 1227 589 1292 Illmo.
608 1225 741 1312 legato»
757 1225 823 1312 (26,
844 1226 909 1310 37).
925 1223 1022 1291 Alias
1033 1225 1077 1290 de
1089 1222 1219 1291 Canisii
1234 1223 1420 1305 laboribus,
1435 1225 1548 1309 deque

321 1349 455 1437 ingenti
472 1351 586 1416 fructu
602 1371 646 1418 ex
663 1348 785 1418 iisdem
801 1350 959 1428 collecto,
977 1351 1063 1417 haec
1081 1347 1228 1434 Borgiae
1244 1347 1436 1415 nuntiabat:
1459 1349 1550 1414 r...ll

322 1475 362 1540 Ρ.
393 1472 533 1542 Canisio
561 1475 686 1556 hebbe‚
716 1483 840 1559 questa
860 1472 1044 1540 settimana
1064 1485 1164 1539 santa
1185 1471 1439 1559 specialmente,
1463 1493 1550 1558 gran

322 1618 489 1666 concorso
507 1599 596 1668 nelle
611 1621 674 1667 sue
690 1598 865 1685 prediche‚
884 1598 950 1666 alle
966 1597 1058 1682 quali
1080 1599 1183 1664 etiam
1206 1618 1291 1663 sono
1312 1596 1432 1663 uenuti
1452 1616 1551 1682 pare·

321 1723 379 1789 chi
402 1721 545 1792 heretici
566 1725 729 1810 (quorum
752 1723 856 1790 corda
876 1725 974 1789 Deus
996 1721 1189 1789 benedictus
1215 1743 1280 1788 sua
1308 1720 1550 1788 misericordia

322 1847 523 1914 illuminare
538 1847 737 1935 dignetur):
757 1846 898 1934 giouedl
920 1858 956 1913 et
975 1845 1117 1914 venerdl
1142 1857 1242 1914 santo
1262 1843 1399 1933 prcdicb
1419 1855 1507 1912 sette
1528 1865 1549 1910 o

322 1982 395 2039 otto
416 1975 512 2054 hore;
534 1971 729 2059 imperoche
750 1972 890 2060 giouedl
913 1973 1003 2060 dopo
1022 1993 1140 2040 mezzo
1159 1971 1283 2060 giorno
1303 1969 1508 2040 incomincia
1528 1992 1549 2038 a

325 2096 492 2183 predicar'
510 2097 551 2162 de
567 2097 737 2163 Passimw
752 2119 812 2183 per
828 2096 885 2164 doi
901 2118 922 2163 o
938 2107 989 2164 tre
1006 2098 1102 2178 hore,
1120 2105 1156 2164 et
1171 2095 1313 2164 venerdi
1331 2097 1405 2164 lece
1420 2095 1477 2162 doi
1497 2096 1549 2163 al-

322 2231 374 2289 tre
390 2220 566 2316 prediche‚
583 2221 790 2308 seguitando
805 2221 838 2288 la
854 2220 975 2290 istessa
991 2219 1132 2288 materia
1144 2243 1205 2308 per
1217 2220 1341 2308 cinque
1353 2222 1438 2289 altre
1449 2224 1544 2288 hore.

322 2346 371 2414 La
387 2344 566 2413 domenica
581 2345 661 2414 dell'
679 2344 771 2412 oliua
783 2345 921 2432 publico
933 2345 957 2412 il
968 2345 1120 2433 giubileo
1134 2345 1370 2414 ultimamente
1382 2366 1549 2414 concesso

318 2470 408 2536 dalla
423 2468 549 2537 santita
565 2469 598 2536 di
616 2481 735 2537 nostro
751 2469 905 2558 signore,
922 2470 946 2536 il
963 2471 1063 2557 quale
1075 2473 1120 2536 ha
1131 2469 1367 2558 guadagniato
1378 2492 1465 2557 gran
1478 2491 1545 2536 nu-

320 2615 414 2662 mero
430 2593 597 2680 degenti.
615 2575 644 2661 E
660 2602 750 2662 stata
766 2615 846 2661 cosa
865 2595 901 2660 di
922 2594 1149 2682 grandissima
1170 2593 1387 2663 edificatione
1405 2605 1440 2664 et
1459 2615 1546 2662 con-

319 2717 486 2786 solatione
501 2719 559 2788 nel
573 2718 720 2805 Signore
736 2729 866 2803 nostro,
885 2729 920 2786 et
939 2718 1139 2788 confusione
1155 2743 1176 2786 a
1191 2717 1346 2801 heretici,
1365 2719 1490 2788 uedere
1511 2719 1544 2786 la

321 2840 524 2926 frequentia,
542 2841 575 2909 la
589 2841 779 2912 deuocione
794 2853 830 2910 et
845 2841 1064 2922 emulatione,
1087 2843 1121 2908 la
1141 2863 1224 2928 pace
1243 2851 1280 2908 et
1299 2841 1428 2908 charita
1448 2841 1543 2908 chri-

319 2965 431 3034 stiana
446 2968 512 3033 che
527 2975 648 3052 questa
664 2966 846 3037 settimana
862 2978 964 3035 santa
980 2971 1008 3034 s’
1026 2967 1044 3035 ὲ
1062 2966 1152 3034 uista
1167 2967 1223 3036 nel
1239 2967 1340 3034 domo
1352 2966 1433 3034 nelli
1447 2966 1542 3052 offitij

317 3089 440 3171 diuini,
457 3100 493 3157 et
509 3091 598 3160 nelle
613 3091 699 3160 altre
713 3091 893 3160 chiese...»
913 3093 980 3178 (61,
999 3091 1066 3178 62).
1091 3093 1180 3159 Cum
1202 3101 1317 3161 autem
1338 3091 1547 3178 experientia

319 3225 531 3300 compertum
547 3215 688 3284 haberet
701 3214 861 3284 Canisius
872 3214 974 3282 simul
987 3217 1051 3282 hos
1064 3215 1196 3283 fructus
1209 3226 1243 3284 et
1256 3237 1339 3284 suae
1350 3215 1546 3302 provinciae

322 3349 451 3409 rectam
468 3338 794 3407 administrationem
811 3339 967 3426 impediri
982 3339 1088 3408 sacris
1100 3362 1161 3426 per
1172 3339 1392 3409 Germaniam
1405 3339 1546 3426 expedi-

319 3463 483 3547 tionibus,
501 3463 566 3550 ipsi
581 3485 672 3531 anno
684 3465 851 3552 superiori
865 3464 1068 3547 commissiS,
1086 3465 1224 3551 saepius
1239 3464 1310 3532 suis
1323 3464 1546 3532 moderatori-

319 3590 385 3657 bus
400 3593 463 3658 has
479 3599 514 3659 et
529 3589 612 3658 alias
628 3589 804 3677 graviores
824 3589 1044 3661 difficultates
1065 3592 1234 3678 exposuit,
1258 3606 1297 3658 ut
1317 3593 1360 3660 ab
1382 3591 1447 3658 illis
1461 3591 1545 3659 libe·

318 3725 451 3782 raretur
467 3715 534 3804 (35,
554 3715 609 3800 36,
629 3729 683 3803 59,
706 3716 766 3782 128
779 3715 860 3803 etc.)
874 3716 1022 3784 Dolebat
1034 3725 1209 3802 praeterea
1226 3726 1366 3784 sanctus
1381 3716 1445 3798 vir,
1459 3716 1544 3784 ado·

317 3840 517 3942 lcscentium
544 3837 579 3905 in
607 3838 814 3909 Societatem
843 3839 1068 3908 admissorum
1095 3840 1345 3909 institutionem
1372 3863 1442 3908 non
1472 3851 1541 3910 tarn

318 3971 479 4031 accurate
495 3961 601 4050 exigi,
619 3972 798 4048 quantum,
816 3974 851 4032 et
866 3962 1044 4052 religionis
1060 3964 1267 4049 institutum,
1285 3974 1320 4034 et
1335 3965 1543 4035 Germaniae

317 4095 439 4167 status,
454 4087 683 4173 postulabant.
698 4088 777 4157 ldeo
790 4098 955 4174 quantum
968 4089 1079 4177 potuit
1091 4090 1236 4171 curavit,
1251 4101 1290 4156 ut
1301 4089 1421 4177 optimi
1432 4089 1545 4178 magi-

317 4209 380 4276 stri
396 4209 616 4293 novitiorum,
635 4233 697 4299 pro
713 4233 797 4281 suae
812 4212 1008 4300 provinciae
1025 4213 1193 4296 tirocinio,
1211 4217 1340 4286 Romae
1355 4216 1546 4283 formaren-

318 4344 374 4401 tur
389 4335 490 4424 (144).
509 4335 717 4406 Libertatem
731 4357 869 4423 quoque
890 4337 1074 4407 Societatis
1089 4348 1243 4422 strenue,
1260 4360 1339 4406 cum
1357 4341 1398 4406 Ρ.
1417 4339 1543 4420 Natali,

316 4458 516 4542 vindicavit,
532 4459 642 4528 Eckio
653 4461 752 4530 ducis
766 4462 929 4531 Bavariae
941 4463 1144 4531 cancellario
1161 4453 1423 4552 repraesentans
1436 4486 1546 4550 quan-

318 4593 391 4650 tum
407 4584 606 4674 disciplinae
622 4585 805 4675 religiosae
820 4599 984 4657 nocerent
1001 4587 1187 4676 patrocinia
1207 4587 1345 4656 discolis
1365 4589 1422 4657 vel
1441 4588 1543 4658 etiam
