3456 5386
636 447 856 522 25Ma111566
1161 484 1165 489 -
1271 455 1319 520 141

140 627 173 675 se
191 607 210 673 ¹.
229 605 355 694 Doppo
373 605 406 674 la
423 607 511 676 festa
526 606 582 673 del
600 607 733 693 Corpus
744 606 889 672 Domini
900 604 1026 692 partiri
1036 605 1059 670 l'
1077 603 1182 672 lllrno.
1201 603 1315 690 legato
1326 605 1358 672 la
1461 608 1464 621 '

142 723 225 789 uolta
238 725 282 792 de
297 723 459 805 Venetia,
477 733 511 791 et
527 744 594 790 con
610 723 682 791 Sua
702 721 789 791 Sria.
809 724 906 790 Rma.
925 721 948 788 il
965 725 1005 789 P.
1024 722 1201 802 Ledesma,
1219 741 1279 806 per
1294 743 1352 788 an

143 841 197 904 dar
211 861 230 905 a
245 839 386 921 Milan0,
403 859 500 906 come
515 840 549 906 la
566 841 609 906 P.
637 841 682 906 V.
700 841 745 906 ha
761 837 931 907 ordinato:
949 858 1188 925 procuraremo
1209 838 1357 904 anchora

144 957 200 1024 che
213 954 238 1021 il
253 959 292 1024 P.
312 957 475 1042 Vanegas
491 957 502 988 ¹
520 955 601 1023 uadi
623 954 776 1036 insieme,
795 954 860 1024 alle
879 975 995 1042 spesse
1015 955 1070 1023 del
1091 953 1272 1036 cardinale,
1291 954 1357 1019 co'l

145 1072 180 1136 P.
197 1071 372 1152 Ledesma,
390 1093 428 1138 se
444 1069 473 1137 si
488 1074 611 1158 puotri
628 1074 783 1138 ottener'.
802 1071 909 1158 Spero
925 1069 1028 1140 cheli
1044 1072 1119 1138 sari
1134 1080 1245 1159 grato,
1259 1089 1357 1138 come

145 1186 259 1254 habbia
272 1186 400 1256 intesso
416 1186 441 1253 li
456 1185 657 1275 epigrammi
673 1189 737 1254 che
752 1189 797 1254 ha
813 1187 897 1254 fatto
913 1186 949 1253 in
963 1186 1103 1274 Dilinga
1118 1196 1183 1253 etc.

205 1323 236 1372 2.
283 1305 318 1370 lo
332 1305 483 1370 anchora
497 1325 598 1390 spero
615 1302 740 1391 partire
757 1325 857 1375 uerso
878 1301 1070 1386 Monachi0,
1088 1303 1140 1369 fra
1156 1312 1207 1371 tre
1227 1324 1249 1369 o
1270 1323 1355 1388 qua-

144 1433 190 1488 tro
205 1420 323 1509 giomi,
348 1430 382 1488 et
402 1418 440 1486 in
460 1429 582 1506 questo
603 1441 720 1487 mezzo
740 1419 839 1487 finird
859 1421 901 1487 de
923 1420 1054 1488 trattar'
1082 1419 1149 1486 co’l
1169 1421 1269 1486 Rmo.
1292 1441 1355 1486 au-

144 1548 281 1624 gustano
294 1538 326 1604 le
341 1558 421 1605 cose
436 1537 527 1606 della
546 1547 663 1604 nostra
677 1536 877 1604 habitation’
895 1536 931 1602 in
947 1537 1120 1624 Augusta,
1138 1545 1173 1603 et
1188 1535 1301 1623 quelle
1320 1535 1356 1602 di

145 1651 274 1740 Dilinga
292 1662 309 1697 ⁸
328 1654 469 1720 trattarb
488 1655 533 1734 la,
556 1663 590 1722 et
609 1653 698 1723 delle
718 1664 834 1722 nostre
853 1669 939 1720 'cose
960 1651 1119 1721 etiamdio
1138 1652 1270 1740 parlari)
1290 1673 1355 1718 con

147 1770 176 1836 la
192 1769 403 1856 emperatn'ce
422 1775 455 1835 et
474 1770 577 1835 eiiam
593 1769 609 1812 1
628 1789 695 1836 con
709 1770 733 1834 l'
750 1768 964 1856 imperatore,
982 1789 1020 1836 se
1035 1769 1163 1837 hauerb
1183 1767 1355 1836 audientia

150 1885 248 1973 (come
262 1887 305 1952 m'
320 1888 341 1952 ὁ
355 1897 446 1954 stato
466 1887 561 1953 detto
581 1887 645 1955 che
664 1885 698 1952 la
716 1887 840 1972 puotrd
859 1885 990 1973 hauer')
1011 1895 1046 1954 et
1065 1907 1102 1952 se
1123 1886 1225 1967 forse,
1243 1906 1304 1972 per
1324 1886 1356 1953 le

150 2003 245 2068 molte
258 2001 469 2089 occupationi
485 2001 528 2068 de
550 2002 622 2070 Sua
642 2002 772 2069 Maesta
793 2002 952 2083 Cesarea,
977 2023 1047 2068 non
1067 2011 1210 2087 puotcse
1230 2001 1301 2076 cosi
1320 2000 1355 2068 in

152 2116 257 2200 breue,
273 2139 330 2204 per
345 2139 412 2186 non
436 2116 661 2198 trattenermi,
679 2117 808 2184 andarb
828 2116 896 2199 via,
918 2127 954 2185 et
968 2117 1152 2204 procurari>
1171 2117 1304 2204 parlarli
1320 2117 1355 2186 in

152 2234 314 2302 Monachio
328 2246 410 2317 etc.,
429 2255 450 2302 o
466 2233 688 2321 ingolstadi03
707 2232 901 2320 imperoche
916 2236 962 2301 ha
977 2234 1012 2300 d'
1029 2235 1144 2301 andar'
1163 2235 1196 2302 la
1210 2256 1271 2321 per
1290 2233 1355 2301 im-

152 2349 283 2418 barcarsi
297 2373 396 2440 sopra
409 2349 435 2417 il
450 2352 567 2433 fiume,
584 2359 619 2416 et
634 2350 752 2417 andar’
769 2373 790 2417 a
805 2349 927 2433 Viena,
945 2350 1059 2418 subito
1074 2351 1164 2439 dopo
1179 2353 1211 2418 la
1228 2354 1355 2430 Pente·

154 2477 245 2536 coste.
1080 2473 1083 2478 “

212 2601 238 2668 3.
280 2583 449 2652 Hauendo
459 2582 568 2672 hoggi
580 2581 699 2651 scritto
711 2579 812 2650 insin'
826 2581 928 2668 aqui,
942 2584 988 2650 ho
1000 2581 1170 2652 riceuutto
1181 2584 1250 2651 due
1265 2581 1353 2652 della

158 2699 193 2766 P.
207 2701 257 2782 V.,
269 2702 310 2767 de
322 2719 364 2784 27
376 2701 411 2768 d'
429 2699 561 2788 Aprile,
575 2710 611 2768 et
623 2715 644 2782 7
655 2699 699 2766 de
710 2698 867 2787 Maggio,
883 2699 947 2766 alle
959 2699 1050 2786 quali
1062 2699 1261 2788 risponderb
1275 2699 1354 2769 bre-

159 2826 305 2900 remonte
333 2828 368 2886 et
389 2827 518 2903 quanto
537 2837 558 2882 a
579 2815 691 2902 quella
710 2816 754 2882 de
775 2831 830 2896 27,
852 2815 964 2883 veddo
983 2814 1007 2881 l'
1032 2813 1241 2884 inclination'
1266 2816 1355 2884 della

161 2933 192 2997 Ρ.
206 2933 244 3000 V.
259 2936 320 3002 che
333 2933 359 3001 il
373 2935 415 3001 P.
434 2930 578 3019 Giorgio
594 2941 608 2974 0
630 2933 642 2966 ³
659 2931 741 2999 resti
755 2930 788 2998 li
805 2942 925 3018 questa
941 2941 1040 3012 state,
1059 2933 1192 3000 benche
1212 2933 1355 3000 sarebbe

160 3058 230 3116 stato
243 3051 342 3117 molto
358 3072 378 3116 a
394 3047 569 3136 proposito
589 3049 653 3115 che
668 3047 787 3115 uenesi
813 3046 929 3114 auanti
945 3047 1025 3116 delli
1041 3047 1139 3116 caldi.
1159 3050 1204 3116 Al
1219 3071 1353 3131 mancO,

160 3183 206 3248 per
215 3169 308 3232 amor'
320 3166 374 3233 del
387 3164 548 3252 Signore,
561 3163 749 3251 venghino,
758 3163 807 3232 lui
820 3175 854 3234 et
865 3163 889 3230 li
901 3163 978 3232 altri
987 3167 1052 3234 che
1062 3167 1178 3232 hanno
1190 3188 1210 3233 a
1222 3164 1352 3248 uenire,

160 3277 263 3347 abuon
277 3292 402 3368 tempo,
421 3291 456 3350 et
471 3301 540 3348 non
557 3279 727 3367 aspettino
743 3281 947 3363 Settembre,
962 3303 1000 3350 se
1016 3303 1097 3364 non,
1113 3279 1228 3349 subito
1245 3284 1309 3348 che
1326 3279 1355 3348 si

160 3395 232 3478 poeti
245 3397 329 3465 uscir
339 3399 382 3466 de
398 3399 520 3479 Roma,
539 3395 724 3483 uenghino.
743 3398 796 3465 De
813 3405 902 3466 tutte
916 3395 933 3440 ‘¹
953 3396 985 3466 le
1001 3397 1169 3466 necessita
1184 3403 1298 3464 tomen
1312 3397 1355 3465 de

160 3523 258 3594 queste
267 3513 440 3602 prouincie
452 3535 521 3582 non
533 3532 636 3599 posso
647 3511 802 3596 scriuer',
817 3535 887 3580 non
897 3513 1089 3582 hauendole
1105 3512 1206 3596 uiste;
1221 3513 1355 3582 niente-

162 3625 272 3697 dirneno
283 3631 431 3698 scriuerb
442 3629 479 3697 in
490 3638 611 3717 questo
624 3651 740 3698 mezzo
752 3628 807 3696 alli
819 3627 1031 3717 prouinciali,
1045 3631 1109 3697 che
1121 3629 1279 3697 scriuano
1291 3631 1356 3699 alla

165 3743 195 3809 P.
210 3743 246 3812 V.
258 3747 297 3815 de
311 3747 414 3834 quelli
426 3748 618 3814 che'hanno
629 3743 664 3812 di
676 3744 845 3832 bisognio,
860 3745 954 3812 accii>
966 3746 1104 3832 possino
1117 3749 1221 3815 esser'
1236 3767 1355 3833 apare-

163 3859 245 3927 chiati
259 3863 287 3930 al
301 3885 365 3932 suo
381 3873 509 3951 tempo,
527 3874 563 3932 et
577 3861 734 3930 desidero
745 3863 809 3928 che
820 3861 957 3946 quando
969 3883 1125 3944 uerrano,
1143 3863 1176 3930 la
1192 3866 1231 3932 P.
1244 3865 1284 3931 V.
1298 3885 1355 3930 or-

162 3973 216 4042 dini
233 3979 290 4048 che
308 4003 376 4048 non
399 3978 575 4067 uenghino
590 3977 817 4059 determinati,
835 3979 879 4045 ne
906 4000 926 4044 a
947 3999 1016 4046 una
1036 4000 1118 4046 cosa
1138 3989 1164 4061 ⁸,
1183 3980 1227 4046 ne
1247 4001 1267 4047 a
1287 4000 1357 4048 una

160 4088 341 4108 Μ.-

198 4139 212 4175 Ι
243 4144 258 4187 2
269 4135 355 4190 verba
367 4151 452 4208 seqq.
467 4150 557 4207 supra
568 4149 647 4189 vers.
661 4130 773 4188 addidit
785 4130 911 4188 lion-b
934 4133 999 4187 Hoc
1012 4133 1097 4188 verb.
1115 4134 1153 4187 ab
1165 4131 1269 4190 eodem
1281 4133 1350 4190 libr.

156 4231 225 4290 supra
238 4239 312 4280 vers.
329 4223 464 4280 additum
481 4231 596 4281 ech-0
617 4221 679 4295 Sic,
693 4239 746 4295 pro
761 4220 977 4295 Gregorio-<¹
998 4223 1064 4278 Hoc
1077 4223 1160 4277 verb.
1175 4237 1262 4296 supra
1276 4240 1354 4280 vers.

155 4307 261 4368 tdditum
272 4321 316 4369 est
327 4331 345 4370 a
357 4314 486 4370 tibr.-e
507 4329 525 4384 4
537 4313 628 4369 verba
642 4329 724 4386 seqq.
739 4329 826 4386 supra
839 4327 917 4368 vers.
931 4329 948 4366 a
965 4311 1032 4368 libr.
1047 4309 1145 4368 addita
1158 4321 1237 4370 sunt.

164 4398 335 4414 —-——·—-—-

199 4433 207 4464 ¹
236 4431 449 4489 Maximilianos
461 4429 500 4487 de
513 4429 649 4487 Walhain
662 4429 804 4500 (Bergis).

196 4521 205 4554 '
236 4520 365 4592 Michael,
378 4520 417 4578 de
430 4535 489 4594 quo
501 4519 617 4595 saepius
630 4519 742 4576 dictum
755 4519 786 4575 in
801 4519 900 4594 Epist.
917 4517 1040 4585 Natat„
1055 4517 1096 4575 11.

197 4605 206 4641 ²
237 4610 305 4668 Vide
317 4611 413 4685 epist.
430 4607 495 4679 383,
509 4627 541 4665 n.
559 4623 586 4675 2,
601 4609 652 4665 ubi
665 4625 762 4666 sermo
775 4617 821 4666 est
834 4609 871 4667 de
884 4609 1039 4682 Gregorio,
1052 4626 1111 4666 non
1123 4608 1161 4665 de
1174 4607 1314 4682 Georgi03
1328 4619 1358 4667 et

158 4693 226 4770 intra,
236 4718 262 4758 n.
276 4719 291 4773 q
303 4703 391 4776 hujrra
405 4700 498 4776 epist.
515 4698 663 4757 adfinem.
