3318 5376
507 542 539 599 14
559 530 747 587 Novansnrs
768 531 837 600 1566

620 681 712 744 150

283 755 285 763 ’
388 799 765 869 P.H1ERONYMUS
793 803 957 869 NADAL

299 911 488 971 sencio
517 912 777 972 nnanclsco
805 915 863 970 nn
890 907 1036 987 eoayn

395 1023 559 1082 1111111111,
580 1024 613 1080 14
631 1024 815 1070 novarianis
836 1013 904 1082 1566
926 1017 946 1068 ¹.

96 1113 115 1154 1.
130 1101 165 1157 De
177 1105 364 1178 confessariis
383 1109 645 1182 reginarum-2.
665 1107 712 1166 De
728 1112 875 1166 mutando
888 1111 1066 1183 provirtciae
1083 1112 1284 1180 moderatore,

119 1191 156 1245 or·
168 1199 231 1264 opas
238 1197 353 1269 suerit.
363 1229 382 1238 -
395 1213 423 1269 3.
440 1198 487 1254 De
508 1203 621 1254 rectore
637 1199 871 1273 ingolstadiensi
886 1201 1044 1256 mutando:
1064 1201 1100 1255 de
1116 1201 1284 1256 doctoribus

118 1279 218 1340 Pettaoo
232 1292 258 1342 et
271 1289 364 1342 Pisa.
376 1303 436 1356 -4.
449 1287 486 1342 P.
499 1287 669 1360 Halpawer
681 1289 774 1343 nimis
780 1287 978 1360 familiarem
990 1305 1021 1344 se
1033 1289 1145 1344 exhibet
1158 1290 1283 1362 reginae

117 1371 291 1445 Margaritae.

139 1488 324 1576 iSoli.-1.
345 1495 456 1564 Padre
472 1495 503 1563 el
519 1494 622 1562 deseo
644 1498 713 1561 mio
737 1503 865 1578 quanto
892 1493 975 1560 allas
997 1501 1053 1576 13
1078 1515 1242 1578 personas
1268 1497 1280 1528 ¹

93 1601 172 1692 [13]1,
188 1611 280 1678 eche
297 1613 510 1677 buscemosc
533 1609 693 1676 occasion
708 1610 751 1674 de
766 1608 933 1687 dexerim,
951 1613 972 1674 ὁ
988 1613 1008 1674 a
1028 1609 1061 1674 lo
1077 1627 1195 1675 menos
1212 1629 1280 1694 que

94 1739 125 1784 no
135 1721 276 1790 dexemos
291 1726 338 1791 de
353 1723 461 1790 instar
477 1745 545 1808 que
561 1735 675 1792 tomen
691 1743 759 1788 vno
775 1743 836 1808 per
851 1720 868 1764 1
887 1722 984 1788 todas
1005 1741 1036 1806 33
1066 1743 1089 1807 y
1108 1725 1209 1791 sobre
1231 1725 1281 1790 las

95 1835 150 1902 ede
163 1837 271 1905 Italia³
289 1842 358 1905 che
377 1849 474 1905 ‘con
490 1838 646 1906 occasion
662 1859 730 1922 que
750 1859 795 1903 no
811 1859 848 1903 se
863 1839 913 1904 les
933 1838 977 1902 ha
998 1837 1186 1922 prometido
1206 1837 1282 1904 sino

96 1971 187 2032 porvn
201 1963 273 2036 atto,
291 1977 362 2040 que
378 1955 484 2021 acaba
499 1963 572 2050 este
588 1975 671 2034 mes
690 1975 757 2039 que
777 1953 821 2020 V.
841 1953 881 2018 P.
905 1953 956 2018 los
976 1962 1073 2019 terne
1096 1959 1115 2020 11
1138 1954 1279 2020 Alema-

95 2069 133 2144 in,
146 2067 240 2136 donde
255 2092 319 2138 son
336 2081 393 2136 tan
411 2069 632 2150 necessari0s3
650 2091 673 2154 y
688 2069 721 2136 ia
732 2071 796 2135 che
812 2061 953 2153 quier'an
969 2069 1181 2134 confessores
1194 2069 1237 2135 de
1250 2069 1282 2135 la

94 2179 253 2268 Campania,
270 2209 294 2272 y
311 2188 356 2252 V.
376 2189 417 2252 P.
435 2187 487 2252 los
502 2185 619 2270 quiera
630 2186 708 2267 dar,
725 2183 854 2270 podrin
870 2203 925 2249 ser
940 2182 992 2264 los
1008 2192 1158 2250 rectores
1171 2183 1213 2249 de
1230 2184 1282 2250 los

93 2297 229 2384 eollegios,
246 2323 332 2388 pues
348 2323 416 2388 que
430 2301 581 2386 aqueilas
593 2320 754 2386 personas
766 2297 799 2363 ia
810 2296 915 2364 seben
931 2294 1083 2376 italiana,
1098 2297 1185 2382 ylos
1198 2297 1281 2364 con'-

96 2410 207 2482 sessores
220 2419 378 2485 tudescos
395 2418 524 2502 podren
540 2415 703 2501 negociar
717 2422 803 2480 esto.

139 2547 164 2593 2.
203 2531 238 2598 Si
252 2542 325 2598 esta
337 2529 512 2617 prouincia
524 2530 567 2597 de
583 2534 662 2614 aqui
674 2529 829 2596 adelante
846 2532 942 2592 terna
957 2526 1136 2608 dificultat,
1155 2532 1176 2594 ό
1192 2538 1273 2609 etc,

94 2663 120 2710 se
130 2646 215 2729 poda
229 2667 350 2733 pensat
366 2648 410 2714 de
424 2647 545 2712 mudar
559 2642 759 2731 prouincial.

140 2781 165 2843 3.
205 2763 241 2828 El
256 2774 368 2829 rector
383 2763 428 2830 de
448 2762 624 2848 ingolstad
640 2761 653 2793 ⁴
669 2782 714 2827 no
734 2781 771 2826 es
791 2757 981 2824 sufficiente
1002 2779 1063 2843 por
1083 2758 1183 2841 aquei
1203 2757 1279 2824 offi-

96 2874 141 2940 cio.
156 2880 242 2946 iitro.
264 2877 472 2962 Dominico⁵
494 2897 531 2945 se
552 2877 670 2962 podria
692 2877 813 2940 mudar
833 2875 876 2941 de
893 2873 1088 2952 Monachio,
1117 2872 1146 2938 si
1162 2889 1200 2939 se
1215 2859 1277 2940 ha-

96 2989 167 3060 iesse
183 2994 236 3078 qui
253 2993 301 3059 ‘li
321 2994 536 3061 succedesse.
561 2991 703 3059 Peltano
725 2991 891 3057 desinenti
912 2989 1115 3073 ssprimtim
1139 2993 1159 3053 a
1184 2987 1274 3068 Pisa,

96 3105 262 3176 hauiendose
278 3121 349 3178 este
365 3117 585 3194 entrepuesto
601 3127 644 3172 en
665 3127 711 3171 vn
732 3114 809 3170 acto
828 3103 965 3190 priblico
985 3109 1006 3168 a
1028 3104 1060 3168 lo
1089 3123 1156 3187 que
1179 3103 1277 3170 dezia

96 3223 177 3304 aquel.

140 3357 165 3418 4.
205 3341 250 3406 La
265 3339 486 3409 familiaridad
501 3339 545 3405 de
566 3339 712 3406 Hermes
734 3338 746 3370 ⁶
768 3356 832 3401 con
853 3334 885 3401 la
909 3335 962 3401 2.⁸
985 3354 1043 3399 era
1065 3331 1273 3415 demasiada3

95 3459 175 3520 conia
188 3477 247 3522 con
262 3455 324 3524 ella
338 3477 361 3542 y
377 3457 428 3522 las
448 3456 565 3521 damas
584 3464 651 3522 etc.
676 3473 737 3538 por
757 3452 870 3517 lasus
890 3447 1083 3516 enfirmitad
1106 3445 1136 3513 ¹¹:
1163 3469 1205 3514 en
1234 3463 1272 3532 15

95 3565 335 3638 dieseravenido
357 3591 377 3656 3
396 3591 510 3652 vezes,
532 3591 556 3655 y
575 3590 613 3635 se
635 3589 787 3655 pensaua
810 3587 876 3650 que
900 3563 1021 3630 stando
1044 3583 1088 3628 en
1111 3563 1275 3648 Augusta

99 3707 268 3724 Qu.-

133 3783 145 3817 ¹
166 3775 217 3846 Sic,
226 3781 301 3848 prot
312 3777 429 3834 tas-b
439 3777 534 3832 Deest
544 3776 667 3830 verbum
676 3791 716 3838 es,
727 3771 805 3845 quod
815 3769 1009 3842 supplendum
1018 3765 1274 3822 existimamus.-

98 3861 158 3936 1811,
170 3883 214 3936 pro
225 3867 402 3936 busquemos.
412 3867 459 3909 -d
469 3865 531 3936 Sic,
544 3881 596 3937 pro
606 3869 727 3935 pom—e
739 3861 800 3932 Sic,
813 3875 865 3933 pro
877 3877 944 3930 que,
957 3858 1003 3912 hic
1014 3869 1044 3911 et
1054 3853 1142 3911 inira.
1150 3854 1195 3898 -t
1211 3853 1272 3926 Sic,

97 3965 132 4018 pto
141 3956 280 4024 quiea-s
289 3955 345 4028 Sic,
358 3971 412 4028 pro
424 3951 650 4010 desinentia-h
677 3951 738 4015 Sic,
752 3965 804 4022 pro
816 3946 1023 4022 easermected.

100 4068 267 4082 *mu—-

134 4127 139 4155 ¹
168 4125 204 4178 Ex
215 4127 396 4198 autographo,
409 4124 441 4180 in
454 4123 556 4196 Epist.
570 4120 694 4191 Natal.‚
705 4120 743 4186 II,
758 4117 843 4174 unico
856 4114 918 4187 tot,
934 4115 983 4169 161
1000 4116 1090 4183 (145).

134 4213 142 4244 ¹
170 4211 259 4267 Sermo
269 4221 310 4269 est
321 4213 360 4270 de
377 4213 472 4268 tribus
489 4209 612 4282 reginis,
629 4208 746 4263 filiabus
763 4203 939 4262 Ferdinandi
957 4203 984 4260 1.
1006 4202 1082 4258 Vide
1100 4199 1187 4272 epist.
1205 4214 1271 4271 440,

97 4296 341 4370 1·3;112;444,1111.
358 4315 384 4375 1,
399 4313 425 4371 23
440 4310 470 4357 et
482 4315 545 4371 447,
560 4317 593 4354 n.
611 4311 641 4354 2.

133 4385 142 4419 ²
170 4389 273 4445 Scilicet
292 4391 428 4463 Barbare,
445 4407 521 4464 quae
547 4387 696 4444 Ferrariae
708 4383 781 4470 ,duci
799 4389 948 4456 nupserat,
972 4389 1003 4436 et
1024 4381 1058 4434 P.
1081 4377 1271 4433 Laurentium

99 4472 275 4532 Hermanutiun
285 4479 491 4536 wniesearium
504 4478 642 4549 habebat,
655 4484 686 4530 et
698 4476 821 4546 joanna,
832 4489 907 4546 quae
917 4472 953 4528 P.
971 4468 1132 4526 Guilielme
1144 4465 1271 4522 Elderen

101 4563 264 4622 enebriat.

140 4657 149 4688 1
175 4655 295 4711 Martinus
306 4655 518 4714 Leubenstain.
895 4651 907 4686 1
944 4647 1111 4718 Menginus.

141 4745 151 4777 1
177 4745 324 4817 Helpawer.
