3322 5370
511 470 545 527 24
564 457 740 514 Frenuann
762 460 829 528 1567
1198 455 1250 528 397

85 609 307 700 Danoguntia
334 609 431 678 scrisi
451 611 483 676 al
510 610 642 696 lungho
668 609 734 677 alla
762 613 805 677 P.
840 613 884 679 V.
917 614 939 677 ¹.
967 610 1067 698 Dipoi
1094 610 1128 675 d'
1157 612 1286 680 hauere

85 727 197 810 scritto,
212 725 433 793 consultando
448 747 513 793 con
530 724 633 811 quelli
654 725 768 809 Padri,
794 747 892 813 perse
913 729 978 793 che
1003 725 1203 824 riceueeimo
1219 727 1285 794 alla

86 841 272 929 Compagnia
286 841 345 907 doi
360 839 475 928 logici:
494 850 529 909 et
547 850 565 884 ⁸
580 863 640 928 per
662 861 756 910 esser
771 841 794 906 li
815 841 964 928 migliori
987 842 1042 910 del
1061 863 1170 922 corso,
1193 843 1284 910 doue

87 980 156 1025 sono
167 956 272 1044 pochi,
289 955 428 1024 intorno
443 978 463 1023 a
479 955 650 1051 quindeci,
667 966 703 1023 et
718 955 753 1022 di
774 956 886 1043 questi
905 955 1041 1024 alchuni
1061 954 1181 1024 incerti
1199 957 1229 1040 b,
1247 969 1285 1027 et

87 1073 143 1140 coci
155 1094 270 1160 pareua
285 1071 472 1140 debilitarsi
488 1072 567 1156 quel
583 1091 692 1153 corso,
711 1071 884 1140 lasciando
899 1073 942 1140 de
962 1073 1149 1160 seguitarlo
1169 1073 1281 1158 questi

83 1189 140 1270 doi,
153 1188 193 1254 mi
206 1186 321 1254 lasciai
337 1186 487 1266 indurre‚
505 1207 527 1252 o
542 1189 588 1252 m'
605 1185 718 1252 indusi
733 1185 778 1268 io,
793 1186 838 1254 ad
854 1208 953 1256 usare
969 1187 1002 1254 di
1019 1188 1132 1287 qnelia
1147 1188 1281 1270 liberti,

83 1307 135 1369 che
147 1305 185 1370 ha
197 1302 277 1370 nelli
303 1300 381 1368 suoi
404 1300 513 1368 scritti
533 1303 621 1369 Mro.
640 1301 794 1369 Antonio
815 1311 829 1345 ⁰
845 1302 857 1335 ²
875 1303 918 1370 da
938 1305 980 1370 V.
999 1303 1054 1382 Ρ.,
1084 1302 1158 1371 οἰοὸ
1172 1305 1236 1370 che
1253 1303 1282 1369 si

83 1429 230 1504 potoesero
244 1417 378 1504 pigliar'
396 1415 528 1497 nouitii,
543 1417 688 1486 essendo
699 1418 756 1486 nel
766 1437 878 1498 cors0‚
893 1429 928 1485 et
939 1418 1084 1485 lasciarli
1096 1418 1281 1506 seguitare.

81 1534 128 1600 Ho
139 1533 223 1600 detto
242 1535 307 1599 che
324 1531 456 1599 saccino
472 1531 504 1598 la
524 1531 633 1620 prima
648 1530 858 1618 probatione,
876 1543 911 1600 et
926 1533 1029 1619 dipoi,
1050 1535 1173 1601 alchun
1195 1555 1282 1620 poco

80 1649 108 1712 di
121 1659 218 1734 tempo
232 1647 277 1716 de
291 1647 377 1714 altre
392 1646 583 1734 probationi
599 1645 634 1712 in
651 1667 742 1727 casa,
760 1667 862 1714 senza
874 1647 950 1714 dirli
962 1649 1026 1716 che
1042 1651 1156 1716 hanno
1169 1672 1189 1715 a
1204 1660 1280 1716 stu-

80 1763 165 1844 diare,
181 1774 214 1832 et
227 1763 318 1849 dopo
333 1764 367 1828 la
382 1764 520 1848 pascha,
539 1764 603 1829 che
620 1761 784 1830 ritornino
800 1763 832 1827 al
848 1783 957 1843 cors0‚
977 1763 1150 1832 tenendoli
1166 1770 1280 1831 tamen

82 1889 122 1944 tra
133 1878 152 1943 li
165 1876 294 1960 nouitii‚
311 1899 411 1946 come
426 1899 448 1944 a
463 1877 534 1961 tali,
551 1886 587 1945 et
602 1897 669 1944 con
684 1875 707 1941 li
718 1876 881 1962 essercitij
901 1880 965 1946 che
985 1878 1105 1964 nouitij
1122 1878 1279 1966 sogliono

81 1999 147 2076 fare,
158 1994 328 2080 inquanto
339 1993 368 2060 si
380 1993 512 2079 puotrd.
528 1994 662 2078 Questo
674 1991 788 2059 scriuo
800 1993 865 2060 alla
878 1995 918 2060 P.
933 1995 993 2075 V.,
1008 1995 1132 2080 perche
1144 1994 1283 2080 quando

82 2111 156 2178 scrisi
169 2111 191 2178 l'
208 2110 327 2178 ultime
341 2110 385 2176 de
401 2107 582 2195 Moguntia
597 2129 666 2174 non
686 2109 733 2172 m'
757 2129 815 2176 ero
838 2107 1062 2176 determinato
1085 2108 1120 2176 in
1144 2119 1277 2194 quest0,

81 2227 139 2293 anzi
151 2229 202 2295 nel
217 2224 399 2293 contrario.

130 2361 156 2410 2.
201 2343 258 2410 Ho
273 2351 411 2408 trouato
427 2339 486 2425 qui
501 2337 537 2406 in
553 2337 696 2406 Colonia
712 2337 812 2425 (doue
827 2337 935 2404 siamo
951 2337 1062 2425 gionti
1079 2338 1197 2426 hoggi)
1213 2339 1278 2408 iet-

80 2467 135 2524 tera
147 2457 161 2500 ⁶
172 2459 214 2527 de
230 2459 318 2525 Mro.
337 2457 481 2523 Costero
496 2456 508 2489 ⁸
525 2475 585 2540 per
600 2453 632 2520 la
648 2454 688 2520 P.
708 2454 751 2520 V.
770 2463 804 2520 et
820 2474 881 2539 per
897 2476 963 2536 me,
977 2463 1012 2520 et
1027 2455 1139 2538 quella
1156 2454 1280 2521 manda

78 2587 181 2658 aperta,
197 2573 358 2640 aceioehe
373 2571 454 2637 iola
470 2569 603 2657 puotesi
618 2569 769 2656 leggere.
788 2569 886 2636 Vedo
902 2571 966 2638 che
981 2572 1095 2637 hanno
1111 2569 1280 2636 incomin-

79 2689 148 2756 ciato
161 2689 183 2756 il
197 2687 342 2774 collegio
354 2685 388 2752 di
405 2696 481 2754 sant
497 2686 637 2754 Omaro.
656 2684 693 2750 Io
707 2683 846 2751 hauerei
863 2685 982 2750 uoluto
998 2687 1101 2752 esser'
1119 2694 1210 2751 stato
1225 2685 1278 2753 in-

80 2805 200 2872 formato
213 2805 303 2872 delle
322 2823 415 2882 cose,
436 2813 471 2868 et
491 2804 556 2869 che
582 2803 628 2865 m'
646 2804 811 2866 hauesero
835 2800 1040 2880 consultato,
1070 2802 1196 2886 perche
1212 2801 1279 2888 (se-

79 2921 166 2988 condo
180 2921 243 2990 che
263 2917 416 3002 intendo)
434 2917 476 2984 ne
502 2937 589 2982 anco
603 2915 668 2982 alia
689 2917 729 2982 P.
759 2915 802 2982 V.
821 2916 937 2981 hanno
960 2915 1165 2982 consultato.
1184 2914 1280 2985 Scri—

78 3035 129 3102 uoli
142 3038 201 3104 che
215 3057 286 3102 non
301 3031 507 3121 promettino
522 3030 650 3112 niente,
667 3040 703 3100 et
714 3031 778 3098 che
794 3031 841 3096 m’
854 3029 1107 3097 aduertischino
1118 3031 1174 3099 del
1188 3041 1279 3099 tutto

78 3169 152 3220 cone
165 3173 275 3240 passa,
298 3151 341 3217 ne
369 3147 502 3214 saccino
527 3167 606 3214 cosa
630 3146 777 3213 alehuna
792 3143 851 3231 piri
867 3144 902 3210 di
917 3146 1031 3229 quello
1059 3148 1123 3212 che
1139 3145 1239 3214 insin’
1257 3169 1278 3214 a

78 3268 169 3348 quest'
182 3270 267 3334 hora
287 3268 462 3333 hauerano
490 3263 584 3330 fatto
601 3261 627 3327 Il
655 3259 840 3329 medesimo
864 3259 978 3326 scriuo
994 3281 1013 3326 a
1030 3263 1195 3342 Tornaco,
1214 3264 1279 3330 che

78 3402 130 3446 non
144 3380 344 3468 promettino
360 3401 440 3447 cosa
455 3380 614 3458 alchuna,
629 3399 685 3444 ma
700 3378 764 3443 che
780 3375 809 3442 s'
827 3375 1084 3462 intratenghino
1096 3375 1140 3459 lt,
1156 3377 1280 3463 poiche

78 3495 122 3580 gii
135 3519 213 3564 sono
228 3496 357 3578 andati,
375 3505 409 3563 et
425 3493 469 3561 mi
487 3492 644 3561 scriuano
659 3512 757 3559 come
772 3490 804 3558 la
819 3512 976 3577 passano.

131 3633 158 3698 3.
201 3613 345 3682 intendo
369 3632 493 3678 ancora
509 3609 543 3677 in
565 3607 676 3695 quelle
697 3607 817 3675 lettere
843 3608 908 3674 che
933 3608 977 3672 ha
1004 3605 1230 3674 determinato
1246 3610 1280 3675 la

82 3729 112 3793 P.
126 3731 165 3798 V.
181 3729 215 3798 di
234 3731 307 3798 fare
322 3725 467 3796 scholari
490 3723 679 3812 approbati,
698 3723 720 3789 il
736 3725 799 3790 che
820 3720 854 3789 io
878 3743 946 3788 non
971 3743 1107 3808 sapeua,
1130 3722 1174 3789 ne
1195 3722 1217 3788 li
1233 3725 1279 3790 ho

81 3841 148 3912 fatto
161 3845 256 3914 insin'
276 3845 410 3927 adesso,
428 3843 552 3928 perche
572 3860 641 3906 non
663 3839 686 3904 l'
703 3839 750 3905 ho
769 3837 860 3904 visto
881 3839 952 3904 fare
969 3837 1034 3904 mai
1056 3839 1111 3906 nel
1132 3837 1279 3924 collegio

118 4061 131 4094 ⁸
154 4051 232 4107 Haec
251 4047 395 4123 particula
416 4045 515 4102 addite
536 4054 583 4100 est
604 4061 621 4099 a
643 4045 734 4099 N.·-b
750 4057 766 4097 2
784 4044 874 4098 verba
892 4059 973 4116 seqq.
997 4041 1109 4098 addidit
1129 4043 1170 4097 N.
1191 4059 1278 4116 supra

78 4151 138 4194 ven.
148 4139 249 4196 deletis
262 4157 314 4194 ma
325 4136 493 4210 perche-e
507 4133 524 4189 3
536 4135 627 4189 verba
640 4151 721 4206 seqq.
736 4131 848 4187 addidit
862 4131 899 4186 N.
914 4131 944 4186 in
957 4131 1109 4202 marg.-d
1120 4132 1201 4186 Haec
1215 4149 1278 4187 ver·

80 4224 107 4278 ba
120 4227 224 4293 lettera,
241 4227 354 4299 quella,
375 4233 406 4280 et
424 4225 463 4289 la,
483 4221 653 4278 emendavit
670 4222 710 4277 N.
732 4239 768 4276 ex
788 4219 900 4285 lettere,
919 4221 1026 4291 quelle,
1045 4229 1075 4275 et
1093 4221 1130 4275 le.
1149 4221 1279 4276 Verbum

78 4323 156 4372 antem
167 4322 271 4390 aperta
283 4316 314 4372 in
326 4316 438 4370 erchet.
452 4321 498 4368 est
510 4315 624 4386 aperte,
635 4328 672 4365 ex
685 4309 799 4366 Natalis
812 4309 975 4366 oblivione.

119 4497 126 4530 ¹
158 4494 229 4551 Vide
241 4493 334 4568 epist.
352 4491 416 4562 465.

120 4587 129 4618 ¹
161 4583 262 4656 Vinck‚
276 4577 465 4656 provincialis
478 4581 625 4636 rhenanae
638 4575 818 4651 provinciae.

119 4673 129 4704 ¹
162 4670 346 4728 Provincialis
360 4668 505 4725 inferioris
519 4666 705 4724 Germaniae.
