3482 5386
406 330 459 401 728
789 339 892 396 Eetsr.
912 339 945 394 Ρ.
967 339 1170 412 Nion-609

438 485 461 571 †
484 483 579 552 Lista
589 485 625 552 di
637 488 750 572 quello
763 491 828 560 che
840 493 887 558 ha
898 491 978 559 dato
990 493 1100 560 Nadal
1112 513 1173 579 per
1183 492 1208 558 il
1219 492 1345 562 viatico
1356 494 1415 561 del
1427 515 1494 560 suo
1505 515 1596 560 corn-

369 621 500 686 pagno.
526 617 563 668 12
580 601 693 669 fiorini
709 606 773 674 che
789 615 967 675 restorono
981 606 1016 672 di
1032 608 1135 692 quelli
1150 608 1267 677 danari
1289 607 1318 675 si
1334 609 1548 676 mandorono
1561 610 1594 676 di

370 715 510 801 Spagna
524 737 587 802 per
602 737 757 805 comprar
776 720 865 805 libri,
887 732 922 790 et
937 721 967 788 si
990 721 1213 790 riseruauano
1228 744 1289 810 per
1305 744 1465 810 comprar
1485 725 1592 790 alcuni

369 828 447 895 libri
462 830 558 898 scelti
575 832 639 899 alle
656 834 748 902 lerie.
769 852 787 918 5
804 837 902 902 scudi
913 836 947 903 d'
962 858 1022 904 oro
1038 859 1105 926 que
1116 839 1240 906 mando
1252 838 1275 905 il
1293 842 1333 906 P.
1347 837 1518 908 Ximenez
1528 861 1591 906 con

372 944 492 1013 ordine
507 945 542 1011 di
558 948 602 1014 N.
622 950 666 1014 P.
688 970 750 1035 per
765 949 925 1020 riseriuer
947 953 980 1018 le
999 953 1223 1039 annotationi,
1241 964 1307 1021 etc.
1330 972 1370 1020 10
1385 953 1514 1034 fiorini,
1531 956 1590 1022 che

371 1059 469 1144 quasi
480 1060 526 1126 mi
539 1063 632 1148 forqb
643 1062 668 1128 il
677 1065 716 1131 P.
727 1065 941 1134 Auallaneda
950 1076 967 1110 ⁸
983 1071 1004 1148 ¹,
1015 1078 1049 1136 et
1056 1067 1162 1154 piglai
1171 1069 1306 1136 undem
1315 1091 1376 1155 per
1387 1068 1412 1134 il
1423 1067 1588 1148 riseriuer,

372 1195 441 1240 non
453 1175 618 1244 bastando
631 1179 674 1244 da
687 1179 793 1266 lunga
805 1180 853 1267 gli
867 1197 885 1264 5
899 1181 1007 1248 scudi.
1023 1183 1123 1250 Oltra
1134 1182 1168 1248 di
1180 1194 1316 1268 questo,
1330 1184 1376 1250 ho
1388 1184 1472 1250 dato
1483 1202 1506 1266 4
1517 1203 1588 1248 scu·-

373 1287 408 1354 di
423 1290 457 1354 d'
476 1311 536 1357 oro
551 1293 617 1360 che
633 1304 810 1362 restorono
826 1296 881 1364 del
897 1296 1022 1364 viatico
1038 1319 1101 1364 suo
1118 1319 1137 1364 a
1154 1297 1221 1364 mio
1237 1319 1445 1384 compagn0,
1460 1306 1495 1363 et
1510 1297 1538 1362 si
1551 1299 1591 1362 ha

373 1403 408 1468 di
423 1403 542 1490 pigliar
557 1405 581 1472 il
595 1408 709 1494 precio
725 1410 780 1476 del
795 1413 941 1496 cauallo,
959 1415 1024 1481 che
1040 1433 1202 1498 pensamo
1217 1417 1293 1480 sarri
1309 1414 1358 1480 fin
1374 1435 1395 1479 a
1412 1431 1432 1479 2
1436 1429 1454 1496 5
1473 1410 1587 1478 fiorini.

442 1520 624 1607 Inscriptio
639 1524 677 1588 in
693 1531 819 1610 quarta
828 1529 976 1614 pagina,
992 1528 1064 1593 ulia
1079 1549 1198 1594 manu:
1214 1529 1413 1595 Admodum
1427 1529 1513 1594 Rdo.
1528 1529 1588 1593 Pa·

375 1633 418 1699 tri
432 1645 551 1702 nostro
568 1641 608 1705 P.
626 1639 800 1709 Euerardo
817 1642 1043 1725 Memoriam,
1057 1642 1249 1729 praeposito
1270 1643 1424 1730 generali
1441 1641 1586 1711 Societa·
1615 1683 1628 1722 ,

376 1747 420 1816 tis
430 1751 526 1837 Jesu.
545 1754 684 1822 Romae.
703 1757 784 1823 Alia
799 1779 918 1824 manu:
934 1759 1029 1842 1576.
1044 1757 1089 1824 Di
1101 1758 1200 1825 Hala.
1217 1758 1243 1825 ll
1255 1761 1295 1826 P.
1310 1733 1509 1826 Cieronimo
1521 1756 1584 1822 Na·

378 1865 458 1932 tale.
478 1867 548 1933 Alli
565 1887 606 1954 23
623 1870 657 1936 di
673 1872 830 1939 Ottobre.
845 1873 965 1960 Sigilli
976 1873 1172 1961 vestigium.
1278 1955 1282 1970 Ι

709 2194 749 2258 Ρ.
775 2194 1084 2262 HIERONYMUS
1108 2192 1272 2260 NADAL

613 2323 751 2379 PATRI
779 2325 1027 2384 EVERARDO
1056 2321 1364 2382 MERCURIANO

742 2453 859 2510 natan,
880 2453 1053 2497 novatione
1071 2438 1106 2512 (l)
1127 2440 1195 2510 1576
1213 2443 1235 2494 ¹.

380 2551 424 2606 De
436 2553 583 2610 solutione
595 2558 796 2626 expensarum
814 2557 934 2613 itineris
950 2558 1105 2622 Zonhovii,
1118 2561 1146 2612 et
1163 2557 1199 2612 de
1214 2573 1271 2610 suo
1287 2553 1405 2627 affecta
1417 2550 1581 2610 valetudine.

448 2679 471 2766 i
489 2680 595 2746 Molto
610 2681 695 2748 Rdo.
716 2684 756 2748 P.
775 2684 819 2750 N.
838 2682 873 2748 in
890 2681 954 2750 X.⁰
972 2686 1044 2750 Pax
1060 2680 1117 2750 X.¹
1137 2684 1188 2749 La
1204 2681 1320 2747 vltima
1335 2681 1425 2747 della
1441 2681 1479 2746 Ρ.
1497 2677 1535 2742 V.
1551 2675 1581 2738 fu

381 2793 493 2878 quella
509 2797 574 2862 che
588 2793 720 2864 resceui
735 2798 791 2884 pel
808 2800 848 2866 P.
867 2798 1038 2866 Florentio
1054 2799 1079 2878 ³,
1103 2809 1138 2864 et
1153 2818 1223 2864 non
1237 2798 1282 2863 ho
1298 2796 1386 2864 vista
1406 2793 1512 2881 quella
1528 2790 1580 2855 che

383 2908 429 2974 mi
456 2908 576 2977 diceua
601 2911 754 2980 hauermi
782 2913 896 2980 scrita.
926 2915 968 2980 L'
996 2911 1229 3000 impedimenti
1255 2911 1335 2980 delli
1354 2907 1476 2978 camini
1493 2901 1580 2992 petil

384 3023 534 3110 periculo
549 3024 638 3094 della
653 3038 749 3113 peste
765 3029 840 3108 seri
857 3028 890 3094 la
905 3049 1010 3095 causa
1026 3031 1090 3097 che
1106 3049 1175 3094 non
1190 3027 1220 3094 si
1236 3025 1359 3094 anieno
1378 3027 1466 3096 bene
1483 3023 1511 3086 le
1528 3019 1581 3084 let-

385 3149 468 3220 tere,
487 3161 553 3207 con
569 3141 600 3207 le
616 3144 716 3228 quale
732 3165 753 3210 o
770 3165 873 3210 senza
884 3144 997 3228 quelle
1013 3165 1147 3229 sempre
1162 3143 1242 3210 viue
1258 3142 1293 3208 in
1309 3165 1363 3210 me
1378 3143 1412 3208 la
1427 3136 1542 3207 chariti
1554 3140 1582 3196 et

384 3235 654 3326 beneuolentiab
674 3257 827 3344 singular
841 3262 935 3328 chec
957 3259 988 3324 la
1007 3262 1046 3326 P.
1068 3261 1111 3327 V.
1130 3258 1176 3325 mi
1192 3269 1300 3345 porta.
1320 3257 1515 3323 Benedictus
1523 3249 1583 3316 Do·

386 3371 513 3436 minus.
533 3371 581 3439 Mi
596 3372 766 3442 rincresce
780 3375 887 3441 bauer
902 3375 981 3440 dato
1002 3396 1090 3461 pena
1105 3375 1170 3440 alla
1185 3375 1226 3442 P.
1246 3375 1289 3441 V.
1307 3395 1368 3459 per
1384 3372 1408 3438 il
1422 3367 1534 3437 viatico
1546 3362 1581 3426 de

438 3586 455 3620 ι
481 3575 546 3647 Sic,
564 3593 616 3649 pro
637 3577 892 3634 Avellanam-b
907 3579 990 3642 Aut„
1012 3577 1241 3634 &nolentia-⁰
1261 3575 1278 3630 3
1301 3575 1391 3632 verbe
1411 3590 1488 3646 seqq·
1508 3577 1579 3637 ⁸1¹1)1¹¹

387 3681 464 3720 vers.
478 3664 590 3720 addidit
603 3665 640 3721 N.

391 3788 584 3803 ———

442 3855 450 3886 ¹
488 3853 520 3908 P.
544 3853 673 3909 Didacus
694 3852 731 3910 de
750 3853 930 3909 Avellaneda
946 3852 1135 3908 Ratisbonam
1154 3852 1191 3908 ad
1211 3851 1329 3907 comitia
1350 3851 1431 3906 venit
1451 3851 1501 3904 boc
1518 3851 1580 3896 tnn⁰

386 3960 455 3999 cum
468 3943 634 3999 marchione
646 3941 683 3997 de
701 3943 852 4012 Almazan,
864 3951 979 3997 oratore
996 3941 1075 4012 regis
1093 3939 1261 4012 Hispaniae.
1276 3939 1322 3996 ct.
1337 3940 1524 4000 Acnrcornrt,
1534 3929 1578 3982 loc·

388 4033 460 4100 cit,
473 4030 540 4086 dec.
557 4031 608 4100 IV,
622 4048 652 4088 n.
669 4029 729 4098 1833
743 4039 773 4086 et
785 4029 983 4096 Succumbit,
998 4031 1056 4084 loc.
1073 4029 1136 4093 cit..
1150 4039 1224 4101 part.
1242 4029 1293 4100 Ν,
1306 4027 1357 4084 lib.
1376 4028 1426 4096 IV,
1439 4043 1466 4082 n.
1478 4021 1521 4088 84·

442 4126 453 4156 ²
491 4120 534 4174 Ex
550 4121 740 4192 autographo,
758 4117 788 4176 in
807 4119 901 4190 Epist.
920 4118 1036 4187 Natat,
1056 4118 1094 4182 11,
1108 4116 1217 4189 duplici
1230 4115 1291 4186 tot,
1307 4129 1359 4187 252
1375 4115 1459 4186 (165).
1475 4099 1579 4182 Qffld⁰

388 4211 461 4267 haec
473 4209 596 4282 epistola
608 4207 676 4263 data
688 4207 786 4277 fuerit,
798 4225 856 4264 non
867 4215 992 4264 constat.
1005 4208 1156 4278 Attamen,
1167 4215 1228 4262 tum
1237 4205 1315 4280 quod
1324 4203 1445 4276 singulis
1454 4191 1579 4288 mentiblls

388 4299 519 4355 scribere
536 4297 640 4353 solitus
654 4296 744 4353 fuerit
761 4295 884 4364 Natalis,
901 4313 956 4352 nec
977 4296 1069 4352 altera
1089 4295 1213 4368 epistola
1234 4296 1289 4352 hoc
1311 4310 1410 4349 mense
1431 4281 1578 4346 Novemtns

389 4387 497 4460 scripta
514 4387 684 4459 reperiatur,
702 4393 814 4441 tumex
827 4387 915 4441 rebus
928 4385 1006 4440 inea
1023 4384 1157 4454 narratis,
1171 4400 1272 4440 mense
1285 4381 1449 4438 Novembre
1464 4369 1577 4432 adfinem

389 4483 531 4546 vergente
544 4475 623 4530 illam
636 4473 734 4529 datam
746 4473 838 4530 luisse
850 4474 928 4530 haud
941 4471 1132 4546 improbabile
1145 4472 1271 4528 videtur.

444 4567 455 4599 ³
492 4563 568 4618 Vide
582 4563 667 4636 epist.
683 4563 746 4634 5963
758 4563 823 4633 6053
838 4569 869 4618 et
880 4561 944 4618 608.
