3322 5376
428 503 482 562 454
812 489 918 545 Enisa.
938 488 973 543 P.
994 485 1196 557 Nuper-477

392 664 433 710 ro
448 645 470 725 ¹,
486 643 510 710 it
521 644 622 728 quale
637 665 707 710 non
723 642 742 710 ὲ
758 653 898 722 venuto,
913 650 948 710 et
963 640 987 708 il
1000 643 1042 708 P.
1060 637 1226 720 Oliuerio,
1240 638 1448 726 prouinciate
1458 638 1495 706 di
1506 641 1607 706 Fran·

392 757 458 840 cia,
472 755 495 823 il
509 758 610 843 quale
624 779 737 828 venne
749 756 773 823 il
784 755 971 826 medesimo
988 755 1110 843 giorno
1124 757 1188 824 che
1204 754 1316 841 questi
1330 754 1432 823 Padri
1442 754 1608 842 partirono

393 894 413 939 a
428 872 651 942 Confluenza.
671 873 716 942 Se
732 873 833 940 vuole
849 871 872 937 il
889 871 1078 941 treuirense
1093 879 1233 939 trattare
1248 869 1291 938 de
1307 870 1518 950 fundatione,
1536 869 1604 936 sari

392 985 586 1056 necessario
602 990 659 1055 ch'
677 987 710 1055 io
730 989 818 1054 vada
838 1009 858 1054 a
878 986 1105 1067 Confluentia,
1127 985 1261 1055 benchi
1280 1007 1346 1052 con
1368 986 1402 1052 la
1428 985 1603 1051 medesirna

390 1101 564 1184 incertitu,
578 1124 675 1171 come
688 1105 734 1170 ho
745 1103 788 1172 de
800 1098 933 1188 guidar'
945 1102 977 1167 la
989 1099 1201 1170 fundatione.
1214 1101 1241 1167 ss
1253 1101 1399 1187 Signore
1409 1099 1454 1166 m'
1465 1101 1600 1166 aiutari.

459 1219 491 1285 6.
540 1220 566 1285 11
583 1220 623 1285 P.
643 1216 797 1287 Oliuerio
813 1218 824 1251 ¹
841 1238 953 1286 venne
969 1218 1013 1284 da
1033 1215 1173 1303 Pariggi
1189 1238 1210 1283 a
1230 1217 1394 1286 Verduno
1409 1214 1473 1283 coi
1487 1235 1602 1282 vesco-

393 1353 438 1400 uo
454 1334 479 1414 ⁵,
498 1331 520 1398 il
536 1333 637 1417 quale
656 1331 816 1399 dimanda
836 1329 892 1398 ch'
909 1332 942 1398 io
962 1329 1040 1398 vadi
1061 1353 1081 1398 a
1101 1331 1265 1400 Verduno
1285 1353 1345 1418 per
1365 1341 1505 1398 trattare
1523 1331 1603 1397 delia

392 1445 591 1516 fundatione
606 1447 642 1513 di
658 1449 737 1534 quel
758 1468 822 1514 suo
842 1445 1000 1534 collegio.
1019 1448 1099 1514 Non
1119 1467 1157 1513 so
1172 1467 1210 1514 se
1225 1447 1352 1513 andero
1371 1455 1401 1528 ⁸,
1419 1444 1531 1514 subito
1545 1447 1603 1510 che

392 1582 514 1628 sarano
533 1561 690 1628 ritornati
710 1561 813 1648 quelli
835 1561 937 1629 Padri
957 1563 1002 1628 da
1022 1561 1250 1642 Continentia,
1275 1571 1311 1628 et
1332 1559 1425 1646 dipoi
1447 1560 1603 1626 ritornaro

393 1697 471 1762 qua.
491 1678 545 1758 Et,
563 1697 660 1744 come
675 1679 722 1744 ho
738 1677 846 1760 detto,
863 1698 933 1744 non
948 1698 988 1744 so
1003 1699 1040 1744 se
1062 1676 1153 1764 dipoi
1174 1676 1339 1743 ritornaro
1359 1698 1379 1743 a
1400 1673 1416 1718 b
1436 1674 1601 1761 Maguntia

392 1801 428 1857 et
442 1789 554 1877 Spita,
572 1813 632 1878 per
648 1802 818 1878 aspettare
833 1791 978 1878 risposta
993 1791 1081 1860 della
1097 1793 1139 1858 P.
1153 1792 1212 1872 V.,
1227 1811 1264 1858 se
1279 1789 1396 1858 auanti
1410 1812 1477 1858 non
1493 1789 1600 1856 riceuo

392 1904 593 1973 risolutione
619 1907 752 1975 alcuna.
782 1908 831 1975 La
858 1908 899 1973 P.
929 1907 973 1973 V.
996 1905 1117 1973 indrizi
1136 1907 1168 1976 le
1187 1907 1309 1976 lettere
1328 1929 1392 1976 sue
1411 1928 1432 1974 a
1449 1905 1596 1992 Spirae]

393 2023 434 2088 P.
454 2021 614 2104 Hermes,
632 2023 759 2109 perche
774 2044 796 2089 o
817 2023 894 2090 saro
914 2020 947 2090 io
967 2021 1013 2104 li,
1034 2043 1056 2089 o
1078 2022 1206 2091 hauera
1225 2021 1273 2089 lui
1294 2021 1425 2104 ordine,
1449 2023 1533 2088 doue
1557 2017 1595 2083 ni

393 2136 522 2203 hauera
539 2157 558 2202 a
575 2137 735 2204 mandare
751 2138 782 2204 le
797 2137 929 2205 lettere.
949 2138 1016 2204 Per
1031 2149 1152 2224 questa
1167 2159 1237 2204 non
1250 2138 1346 2205 altro.
1362 2138 1389 2204 Il
1404 2136 1543 2223 Signore
1554 2133 1595 2199 sia

394 2270 460 2317 con
473 2251 541 2319 noi.
560 2252 636 2318 Oro
641 2258 710 2337 pro
720 2252 826 2332 nobis,
838 2253 958 2318 Pater.
973 2254 1028 2319 Da
1039 2251 1186 2334 Treuiri,
1200 2251 1256 2318 atti
1269 2271 1311 2319 20
1321 2253 1365 2320 de
1379 2250 1494 2338 Aprile
1509 2249 1592 2333 1567.

458 2367 484 2432 Il
501 2369 541 2433 P.
565 2367 651 2434 Mro.
675 2365 829 2436 Oliuerio
850 2377 903 2434 sta
922 2367 1010 2434 assai
1026 2368 1138 2456 (posso
1158 2367 1234 2454 dir’)
1250 2367 1385 2448 afflitto,
1402 2367 1523 2454 perche
1537 2383 1595 2429 non

391 2483 436 2546 ha
453 2479 568 2549 rettor'
584 2481 620 2548 in
637 2481 764 2550 Moriac
785 2490 811 2563 ⁰,
830 2482 872 2548 ne
889 2481 944 2548 chi
961 2481 1066 2549 habbi
1086 2503 1170 2550 cura
1185 2485 1227 2550 de
1247 2482 1380 2563 nouitii,
1398 2483 1440 2549 ne
1455 2477 1595 2567 superin-

392 2596 533 2664 tendaa
560 2617 641 2664 cose
660 2594 827 2682 spirituali
847 2597 883 2664 in
909 2597 989 2664 tutti
1009 2597 1033 2664 li
1053 2596 1129 2665 suoi
1154 2597 1300 2683 collegii.
1323 2596 1486 2665 Dimanda
1504 2589 1595 2663 esser'

391 2711 533 2778 aiutato.
552 2711 602 2780 La
618 2715 658 2778 P.
674 2714 717 2780 V.
732 2709 755 2778 l’
771 2711 854 2779 aiuti
866 2732 927 2799 per
938 2733 1053 2780 amore
1064 2712 1119 2780 del
1131 2711 1287 2799 Signore.
1301 2713 1412 2779 Penso
1424 2707 1592 2777 rimandas-

391 2825 426 2890 lo
442 2835 556 2909 presto
582 2847 603 2892 a
624 2825 776 2913 Pariggi,
794 2836 829 2894 et
850 2827 885 2894 di
901 2827 933 2894 li
953 2849 975 2894 a
993 2825 1096 2912 quelli
1123 2827 1179 2894 doi
1201 2826 1336 2914 collegii
1361 2825 1412 2894 soi
1430 2823 1525 2904 bassi,
1540 2840 1591 2908 per

391 2940 463 3006 fare
479 2941 511 3007 la
532 2941 753 3012 renouatione
772 2944 816 3012 de
835 2943 906 3010 voti
926 2943 958 3010 al
973 2942 1127 3029 Giugno,
1145 2954 1179 3012 et
1194 2943 1335 3024 aiutare,
1361 2953 1441 3010 ete:
1457 2953 1495 3008 et
1512 2933 1589 3022 dipoi

392 3054 593 3122 ritornaria
621 3056 773 3144 Pariggi,
792 3059 881 3126 doue
907 3057 1005 3144 gine
1032 3057 1196 3125 ritornato
1223 3061 1308 3126 Mro.
1339 3057 1491 3124 Emundo
1514 3055 1535 3132 ⁴,
1554 3049 1590 3114 da

392 3168 521 3237 Scotia.
540 3173 584 3237 D.
603 3173 646 3239 V.
667 3175 707 3240 P.
725 3194 826 3241 seruo
841 3194 886 3241 en
901 3173 979 3254 X.⁰,

1194 3286 1382 3464 iNAssAL·
1413 3287 1435 3374 i

442 3569 459 3602 ⁸
486 3558 681 3617 Emendatum
698 3578 716 3616 a
732 3560 798 3618 libr.
819 3578 856 3617 ex
866 3566 959 3635 panso
979 3562 1180 3618 andurae-b
1198 3561 1338 3634 Sequitur
1359 3561 1452 3633 Spira
1474 3557 1589 3615 oblitera-

389 3655 461 3702 tum.
471 3658 514 3690 -0
529 3648 666 3718 Archet.,
683 3649 809 3715 Morino,
824 3667 875 3723 pro
888 3649 1043 3706 Maurius.

443 3797 450 3830 ¹
490 3799 673 3872 Franciscus,
688 3799 783 3856 vicem
796 3799 983 3872 provincialis
994 3817 1112 3873 gerenS,
1127 3807 1159 3857 et
1175 3803 1262 3874 paulo
1278 3809 1345 3873 post
1361 3796 1539 3873 provincialia
1552 3808 1586 3849 re·

390 3885 556 3944 nuntiatus.

441 3979 452 4010 ³
490 3976 654 4042 Manareus,
677 3975 864 4049 provincialis
886 3977 1036 4033 Franciae.
1051 3977 1112 4035 Cur
1128 3977 1267 4034 Treviros
1285 3977 1409 4046 venerit,
1428 3976 1488 4049 ipse
1503 3969 1588 4042 inepi-

387 4064 476 4136 atola,
489 4077 521 4119 21
538 4063 647 4137 Aprilis
660 4064 784 4136 Borgiae
800 4065 880 4138 data,
894 4065 940 4122 his
956 4065 1056 4122 verbis
1073 4065 1211 4123 declarat:
1231 4067 1338 4123 «Molto
1350 4065 1428 4122 Rdo.
1444 4066 1474 4120 in
1485 4063 1535 4118 X.⁸
1545 4061 1587 4116 Pa-

387 4151 450 4210 dre.
465 4153 524 4209 Son
538 4161 648 4209 uenuto
662 4161 778 4210 nouare
790 4172 847 4227 qua
864 4155 885 4211 il
902 4155 980 4211 Rdo.
1001 4163 1101 4212 nostro
1114 4155 1207 4212 Padre
1224 4156 1387 4227 visitatore,
1400 4173 1451 4229 per
1466 4149 1589 4210 conterite

387 4258 443 4298 con
460 4241 492 4298 S.
505 4243 560 4313 P.,
573 4257 657 4297 come
673 4242 877 4300 vltimamente
894 4243 993 4300 scrissi
1006 4262 1024 4300 a
1038 4245 1075 4301 V.
1089 4246 1127 4301 R.
1145 4245 1198 4317 P.,
1210 4243 1288 4301 delle
1301 4260 1369 4301 cose
1382 4253 1413 4300 et
1435 4249 1508 4300 stato
1526 4237 1588 4295 detta

388 4329 538 4405 prouincia
549 4329 580 4385 di
593 4331 738 4386 Franza...
754 4333 778 4388 Il
796 4331 830 4388 P.
844 4332 956 4389 Nadaie
968 4342 1068 4406 presto
1080 4333 1182 4390 ueniri
1194 4350 1212 4390 a
1224 4332 1372 4402 Varduno,
1387 4349 1440 4406 per
1451 4339 1543 4388 tratur
1553 4324 1588 4381 coi

387 4436 515 4476 vescouo
526 4418 604 4475 della
616 4419 785 4477 fondatione
797 4420 845 4477 del
859 4422 1015 4494 collegio..
1027 4441 1055 4479 ,υ
1069 4424 1114 4478 Ex
1134 4421 1206 4479 Cod.
1222 4438 1255 4494 33
1262 4423 1307 4496 f),
1321 4440 1353 4479 n.
1372 4421 1424 4492 258
1436 4425 1520 4492 (427).

441 4509 452 4541 ³
488 4507 650 4581 Episcopus
669 4508 854 4566 virdunensis
871 4519 933 4566 erat
952 4510 1090 4568 Nicotaus
1112 4510 1282 4568 Psalmaeus
1302 4513 1452 4582 (Psaume)
1463 4507 1502 4568 Ο.
1516 4507 1585 4562 Prae·

386 4597 644 4653 monstratensium
656 4597 738 4669 (1548
751 4629 761 4640 -
775 4599 791 4652 i
807 4601 897 4670 1575),
912 4599 1014 4668 Gutta,
1028 4602 1084 4657 loc.
1098 4599 1167 4675 cit,
1182 4619 1250 4674 pag.
1263 4599 1327 4672 653.

439 4687 451 4719 ⁴
487 4685 593 4758 Huius,
606 4695 702 4743 rector
714 4688 833 4760 collegii
846 4687 1028 4761 parisiensis.
