3456 5386
645 500 758 569 4Ma11
779 499 849 570 1566
1260 451 1263 462 K
1286 499 1322 571 9³

190 653 292 738 Resp.
336 653 447 722 Multa
458 651 598 738 quidem
611 651 739 738 requiri
752 651 925 732 uidentur,
935 650 1134 739 priusquam
1141 652 1184 720 ad
1192 663 1357 739 protesta-

134 767 252 834 tionem
269 767 466 837 necessario
481 767 655 852 ueniatur3
670 789 739 853 qua
749 766 798 833 illi
809 789 893 836 sane
904 767 1073 854 grauandi
1085 778 1120 835 et
1132 767 1357 835 contristandi

134 903 199 949 non
213 896 341 962 essent,
359 882 419 968 qui
432 883 621 951 catholicae
633 881 811 970 religionis
822 886 941 950 hostes
955 884 1012 950 uel
1023 883 1216 952 desertores
1228 905 1266 952 se
1281 906 1357 952 esse

134 1017 199 1064 non
212 1013 330 1084 aperte
345 999 535 1066 declarant.
553 998 687 1068 Deinde
702 1019 772 1065 non
788 996 979 1066 necessaria
995 996 1132 1064 uidetur
1143 997 1355 1084 protestati0,

135 1111 161 1178 si
174 1113 280 1200 legati
291 1114 436 1182 offitium
448 1124 658 1200 spectemuS,
672 1112 776 1180 modo
788 1111 899 1182 amica
909 1114 1069 1198 quadam,
1083 1113 1257 1181 autetiam
1270 1112 1358 1181 seria

133 1229 407 1311 commonitione,
424 1232 480 1296 uel
493 1239 635 1315 paterna
650 1228 930 1313 conquaestione,
944 1226 1034 1296 flecti
1046 1240 1187 1314 possent
1198 1227 1302 1296 animi
1314 1229 1357 1296 ad

133 1345 371 1428 professionem
387 1343 523 1430 concilij
554 1342 729 1412 tridentini
756 1343 982 1412 sufficientem
1003 1341 1244 1411 exhibendam.
1264 1345 1353 1412 Tum

134 1479 211 1528 nero
222 1459 414 1528 necessaria
426 1459 535 1528 videri
549 1469 663 1546 posset
677 1460 763 1528 haec
775 1458 989 1546 protestati0,
1004 1457 1033 1526 si
1045 1457 1203 1525 catholici
1219 1461 1356 1525 confes-

135 1572 261 1642 sionem
289 1586 519 1662 augustanam
546 1574 657 1661 palam
685 1584 916 1660 acceptarent,
940 1585 1000 1640 aut
1018 1573 1148 1639 dictum
1175 1573 1357 1640 concilium

138 1692 362 1775 reprobarent;
381 1691 437 1756 uel
455 1692 575 1757 saltem
592 1691 686 1756 nulla
701 1689 833 1759 ratione
848 1690 1120 1776 comprobarent.

631 1887 673 1954 7.⁸
692 1897 853 1950 ouausrro

201 2041 254 2106 An
280 2039 325 2108 sit
344 2038 546 2126 protestatio
572 2039 688 2124 legato
715 2034 923 2116 necessaria,
950 2034 1109 2120 quoniam
1132 2035 1286 2120 pontifex
1308 2035 1357 2101 ita

145 2155 319 2236 mandauit,
341 2155 371 2222 si
390 2153 550 2223 venietur
569 2155 613 2220 ad
635 2174 808 2220 recessum
832 2151 888 2220 uel
910 2149 1164 2219 conclusionem
1192 2150 1353 2236 aliquam,

143 2291 222 2354 quae
236 2270 442 2357 praeiudicet
458 2268 603 2336 concilio
624 2267 821 2348 tridentin0,
840 2267 953 2352 quoad
968 2266 1145 2353 dogmata?

200 2387 294 2472 Resp.
343 2386 546 2453 Mandatum
573 2387 638 2450 hoc
665 2381 837 2469 pontificis
863 2383 992 2448 nullam
1019 2379 1269 2462 necessitatem,
1297 2382 1354 2448 uel

142 2500 383 2587 obligationem,
403 2499 538 2566 adferre
553 2499 689 2566 videtur
699 2497 743 2565 ad
755 2474 1037 2584 protestationem
1053 2498 1119 2562 hoc
1132 2505 1284 2581 tempore
1299 2497 1353 2563 fa·

145 2613 292 2694 ciendam,
310 2616 378 2681 imo
396 2614 510 2700 potius
527 2612 703 2699 impedire,
722 2632 800 2678 cum
818 2633 990 2680 recessum
1006 2611 1150 2678 concilio
1168 2608 1354 2679 tridentino

148 2731 371 2815 praeiudicare,
390 2740 557 2815 quantum
574 2729 617 2795 ad
633 2729 809 2816 dogmata,
827 2749 897 2794 non
913 2737 1045 2794 constet
1061 2750 1104 2795 ex
1119 2747 1257 2817 recessu
1273 2727 1353 2794 anni

150 2859 193 2927 55.
208 2846 271 2914 Sed
285 2847 328 2912 de
350 2847 468 2912 futuro
489 2865 626 2912 recessu
648 2844 779 2910 nullum
801 2852 912 2929 potest
929 2863 1020 2908 nunc
1043 2854 1174 2911 certum
1194 2841 1353 2910 iuditium

149 2959 223 3026 ferri.

630 3151 672 3209 8.·
690 3163 849 3218 ouansrro

197 3309 249 3374 An
264 3285 308 3375 sit
324 3307 419 3374 utilis
434 3309 521 3374 haec
536 3304 753 3393 protestatio?

194 3423 291 3508 Resp.
327 3422 429 3492 Utilis
442 3443 518 3490 esse
526 3432 654 3508 posset,
668 3419 698 3486 si
710 3417 952 3488 exnecessaria
964 3440 1068 3485 causa
1076 3417 1229 3504 legitime
1239 3419 1349 3501 fieret,

143 3537 284 3623 nullaque
299 3549 523 3625 suppeterent
535 3536 602 3604 alia
613 3534 724 3604 media
735 3532 905 3621 principes
918 3532 1103 3600 catholicos
1115 3533 1159 3600 ad
1177 3532 1351 3600 tridentini

145 3653 259 3740 concilij
280 3654 382 3722 fidem
403 3664 439 3721 et
459 3650 704 3739 professionem
726 3647 929 3718 adducendi.
954 3649 1056 3716 Nunc
1079 3669 1160 3714 uero
1181 3669 1235 3715 res
1256 3647 1291 3714 in
1308 3670 1351 3716 eo

144 3777 220 3834 statu
234 3769 361 3838 uersari
376 3767 524 3849 videtur,
542 3768 649 3834 2²51·
665 3775 703 3832 ut
720 3767 827 3832 multa
842 3763 1055 3830 incommoda
1075 3773 1109 3829 et
1129 3761 1249 3848 grauia
1260 3761 1351 3849 peri-

145 3883 208 3950 cula
218 3907 257 3953 ex
271 3888 335 3952 hac
350 3883 597 3971 protestatione
612 3893 867 3966 consequut‘ura
883 3900 959 3948 esse
975 3877 1074 3945 facile
1086 3877 1131 3944 sit
1143 3875 1347 3963 prospicere,

145 3996 281 4067 nimirum
297 4002 341 4067 N.
360 4010 396 4070 et
408 3997 561 4067 omnium
574 4008 724 4064 statuum
740 3993 963 4062 insanabilem
975 3993 1215 4077 defectionem,
1231 3995 1351 4060 catho-

142 4111 262 4181 licorum
278 4115 553 4202 oppressionem,
570 4122 785 4200 augustanae
800 4108 1026 4178 confessionis
1043 4108 1348 4190 confirmationem,

141 4225 278 4312 brettiter,
296 4231 574 4319 germanicarum
590 4226 811 4296 ecclesiarum
828 4225 1055 4293 miserabilem
1071 4223 1297 4308 euersionem,
1313 4234 1351 4290 ut

143 4343 251 4432 reliqua
266 4345 485 4414 incommoda
502 4355 767 4431 praetereamus.

191 4463 236 4530 Er
250 4464 377 4549 quibus
395 4459 558 4528 omnibus
573 4457 720 4546 intelligi
740 4456 840 4525 facile
856 4467 980 4544 potest,
1004 4455 1087 4541 quid
1106 4455 1142 4521 in
1163 4475 1235 4522 rem
1252 4477 1351 4542 prae-

138 4587 355 4661 sementum
374 4576 640 4656 consulendum,
665 4585 738 4641 tum
754 4572 1016 4641 desiderandum
1038 4582 1072 4638 et
1092 4571 1350 4650 elaborandum,

138 4693 264 4762 maxime
280 4695 456 4762 uideatur.
479 4691 630 4758 Primum
647 4689 797 4775 quidem,
815 4711 859 4756 ne
875 4689 918 4756 ad
935 4685 1218 4756 ultimaremedia
1237 4684 1351 4753 statim
