3482 5386
877 525 980 579 Errsr.
1001 521 1034 579 P.
1056 523 1169 581 Naum

986 759 1069 825 XXI

703 927 706 934 .
823 889 857 942 B.
878 887 1029 944 PETRUS
1043 887 1228 944 CANISIUS

683 1025 845 1075 sancto
874 1024 1117 1073 aunucrsco
1146 1027 1199 1074 us
1228 1026 1361 1089 BORJA

752 1136 923 1225 Dilingae,
939 1156 982 1225 29
993 1138 1146 1224 Augusti
1163 1139 1247 1221 1566
1261 1141 1283 1206 ¹.

407 1273 659 1347 Ingolstadianses
679 1273 788 1328 melius
807 1272 974 1344 procedunt
992 1274 1058 1342 post
1080 1270 1202 1325 Natalis
1221 1272 1453 1328 lustrationem:
1475 1275 1509 1328 de
1529 1273 1609 1345 impu-

457 1361 603 1434 gnatione
616 1361 816 1416 assertionum
829 1358 958 1416 doctoris
974 1359 1093 1414 Torres,·
1102 1359 1192 1414 unna
1202 1377 1221 1414 a
1231 1359 1339 1415 Natali
1347 1364 1462 1416 statuta
1471 1361 1546 1418 circa
1553 1367 1609 1434 per·

462 1466 560 1504 sonas.

537 1563 733 1650 ingolstadii
753 1572 880 1629 statum
901 1562 1036 1648 collegii
1059 1571 1234 1646 utcunque
1257 1563 1474 1647 tranquillum
1490 1565 1604 1650 reliqui,

405 1653 587 1738 minusque
604 1652 732 1738 negotii
753 1652 820 1717 illic
843 1650 926 1716 mihi
947 1651 1028 1731 luit,
1046 1671 1124 1717 cum
1143 1653 1243 1718 Pater
1260 1650 1414 1717 visitator
1430 1675 1495 1720 non
1513 1657 1604 1720 multo

407 1754 508 1808 antea
520 1763 619 1808 suum
634 1742 725 1827 apud
738 1742 858 1807 fratres
871 1760 996 1804 munus
1009 1739 1166 1818 obiuerit,
1181 1741 1356 1825 multaque
1367 1742 1543 1810 correxerit
1553 1765 1603 1826 pro

407 1853 468 1897 sua
496 1829 687 1916 prudentia.
707 1831 818 1897 Notus
841 1841 892 1894 est
921 1831 969 1895 M.
995 1829 1244 1912 Marquetius⁸,
1270 1848 1371 1912 quem
1396 1830 1515 1896 rectius
1536 1831 1603 1896 alibi

405 1941 506 2004 quam
524 1919 614 2004 apud
630 1940 692 1984 nos
708 1917 741 1984 in
758 1927 903 2001 utroque
920 1917 1056 1982 homine
1072 1917 1182 1983 curari
1206 1939 1304 2002 posse
1319 1937 1504 1986 censemus.
1522 1919 1595 1987 Scri·

406 2007 510 2093 pserit
523 2009 566 2076 de
579 2007 635 2072 illo
654 2009 754 2074 Pater
765 2005 931 2085 visitator,
947 2017 985 2070 ut
997 2005 1151 2071 arbitror.
1167 2007 1395 2090 Expectamus
1407 2018 1441 2074 et
1451 2007 1599 2092 optanius,

407 2109 444 2164 ut
461 2100 547 2162 pus
563 2098 638 2163 Tua
654 2115 886 2162 successorem
903 2094 1005 2174 illius,
1024 2093 1052 2160 si
1073 2094 1146 2162 fieri
1163 2105 1278 2178 queat,
1295 2093 1363 2160 cito
1379 2095 1540 2182 designet.
1552 2148 1559 2160 .
1571 2147 1595 2163 ..

472 2274 687 2340 Professores
704 2271 895 2357 theologiae
916 2273 997 2352 dun,
1016 2270 1073 2355 qui
1090 2271 1271 2356 Tubingae
1290 2273 1426 2353 docent,
1444 2275 1503 2340 sub
1521 2273 1598 2358 prin-

404 2361 479 2447 cipe
495 2360 797 2447 wirtembergensi,
815 2361 979 2445 scriptum
997 2361 1096 2427 ualde
1116 2362 1363 2427 amarulentum
1379 2372 1413 2426 et
1424 2361 1598 2428 maledicum

405 2451 596 2532 ediderunt,
606 2472 673 2535 quo
687 2451 895 2534 respondent
908 2451 950 2514 ad
959 2449 1160 2532 jesuitarum
1173 2447 1375 2518 assertiones
1383 2449 1532 2536 Dilingae
1542 2449 1597 2514 dis-

405 2551 540 2624 putatas
555 2561 597 2605 ex
613 2538 757 2624 epistola
773 2538 874 2623 priori
890 2539 934 2602 ad
946 2537 1176 2614 Timotheum,
1191 2536 1316 2621 quibus
1328 2531 1436 2604 tot'um
1448 2548 1596 2624 papatum,

406 2641 442 2694 ut
458 2629 505 2694 illi
524 2637 660 2706 uocant,
679 2648 741 2692 nos
757 2627 908 2694 stabilire
924 2647 1098 2693 conamur.
1118 2625 1308 2694 Editicnem
1324 2627 1400 2692 libri
1416 2627 1597 2712 praefatione

404 2739 465 2784 sua
481 2718 677 2801 comprobat
694 2715 853 2783 Brentius
865 2716 890 2780 ³.
909 2717 1041 2781 Harum
1058 2715 1293 2795 assertionum,
1311 2736 1396 2798 quas
1410 2716 1457 2780 illi
1472 2728 1532 2784 tam
1547 2719 1595 2780 ho·
1706 2723 1707 2806 l

403 2799 524 2870 stiliter
540 2826 641 2887 quam
657 2804 807 2890 maligne
822 2814 1036 2890 oppugnant,
1054 2806 1178 2870 author
1199 2802 1262 2868 fuit
1283 2805 1326 2869 D.
1347 2805 1490 2870 Turres*
1504 2803 1593 2870 Dilin·
1705 2853 1706 2860 .

403 2915 468 2977 gae
489 2896 671 2978 professor,
695 2893 778 2958 nihil
799 2892 911 2957 minus
932 2891 1068 2975 quidem
1090 2891 1262 2974 cogitans,
1281 2913 1382 2976 quam
1403 2905 1440 2958 ut
1458 2895 1515 2958 hos
1534 2913 1593 2957 cra-

403 2985 527 3050 brones
542 2981 703 3048 irritaret.
727 2982 843 3047 Placet
858 2980 956 3046 nobis
972 2981 1098 3046 idcirco
1115 2981 1210 3058 liber,
1224 2983 1315 3064 quod
1330 2983 1483 3049 ostendat
1493 2981 1592 3046 aduer-

402 3069 508 3137 sarios
532 3093 551 3136 a
569 3069 705 3155 jesuitis
732 3069 854 3134 uicinis
882 3091 1088 3154 magnopere
1108 3068 1173 3134 sibi
1194 3069 1389 3152 formidare,
1407 3093 1450 3137 ne
1468 3069 1589 3156 ipsorum

401 3181 505 3226 causa
521 3181 581 3244 per
597 3180 659 3224 nos
675 3157 898 3224 labefactetur
914 3172 1016 3242 atque
1032 3158 1156 3241 passim
1174 3159 1386 3224 obscuretur.
1405 3158 1590 3225 Mirabuntur

401 3247 575 3334 plaerique
589 3250 730 3326 Romae,
749 3259 787 3313 ut
803 3246 959 3326 arbitror,
977 3268 1055 3312 cum
1074 3245 1219 3312 uiderint
1232 3245 1412 3330 aliquando
1427 3247 1460 3313 in
1475 3267 1533 3332 quo
1542 3267 1590 3330 ge·

402 3359 484 3404 nere
507 3334 701 3402 certaminis
723 3355 800 3401 cum
823 3335 895 3402 istis
916 3335 1033 3400 bestiis
1056 3345 1190 3401 nostros
1217 3355 1370 3420 pugnare
1395 3357 1524 3404 necesse
1545 3333 1587 3398 sit.

400 3426 501 3494 Liber
517 3425 553 3491 in
575 3426 691 3490 urbem
713 3425 855 3490 fortasse
875 3423 1040 3502 mittetur,
1058 3423 1086 3487 si
1108 3425 1317 3488 commodam
1338 3423 1487 3492 mittendi
1508 3420 1589 3489 ratio·
1700 3467 1701 3472 .

399 3537 477 3583 nem
498 3515 720 3599 reperiemus;
743 3533 862 3578 verum
888 3513 933 3579 de
960 3513 1196 3597 respondendo
1219 3523 1290 3576 tum
1313 3523 1506 3591 statuemus
1527 3530 1588 3577 curn

397 3602 534 3670 redierit
551 3604 593 3667 ad
613 3623 676 3668 nos
694 3603 795 3668 Pater
814 3600 981 3679 visitator,
1000 3609 1079 3667 ante
1100 3601 1284 3666 Octobrem
1306 3600 1449 3681 scilicet,
1467 3600 1509 3666 uti
1527 3617 1586 3683 spe-

397 3713 522 3758 ramus
543 3689 748 3758 Benedictus
764 3691 871 3769 DeuS,
886 3687 943 3772 qui
961 3710 1022 3754 nos
1037 3710 1099 3773 pro
1111 3710 1213 3754 causa
1228 3687 1405 3774 religionis
1416 3690 1457 3755 ad
1468 3689 1585 3754 istorum
1698 3715 1699 3720 .

396 3780 581 3848 calumnias
598 3779 754 3847 ferendas
769 3777 893 3864 dignos
905 3775 1056 3842 reddit...
1078 3779 1117 3842 P.
1136 3777 1335 3844 Dominicus
1348 3780 1372 3857 ³,
1390 3799 1485 3862 quern
1501 3779 1531 3842 P.
1545 3772 1585 3837 vi·

395 3870 513 3936 sitator
528 3867 801 3936 monachiensem
816 3875 979 3934 rectorem
997 3865 1185 3944 constituit,
1200 3887 1268 3932 non
1280 3866 1337 3932 diu
1349 3865 1385 3932 in
1399 3870 1460 3934 hoc
1471 3879 1584 3932 munere

446 4071 454 4104 ¹
493 4072 537 4126 Ex
550 4069 740 4140 autographo,
754 4067 784 4123 in
797 4066 894 4139 Epist.
912 4065 1041 4135 Canist'i,
1055 4067 1089 4134 11,
1106 4079 1156 4137 174
1170 4065 1255 4138 (135).

445 4167 456 4196 ²
494 4161 531 4216 P.
549 4161 677 4230 Joannes
691 4158 837 4229 Marquez.
853 4155 929 4211 Vide
942 4156 1030 4228 epist.
1044 4154 1107 4227 374,
1122 4175 1155 4213 n.
1173 4170 1200 4225 2;
1215 4164 1245 4212 et
1258 4155 1319 4227 378,
1335 4175 1364 4213 n.
1380 4173 1406 4214 2.

444 4251 455 4283 ³
492 4251 621 4321 Joannes
634 4247 781 4310 Brentius‚
795 4247 952 4300 haereseos
966 4245 1135 4302 lutheranae
1148 4245 1295 4317 professor
1308 4255 1338 4303 et
1351 4246 1459 4319 doctor,
1472 4243 1550 4300 wilre
1559 4237 1581 4291 in

391 4339 501 4394 Suebia
513 4345 599 4393 natus
613 4344 659 4390 est
671 4351 747 4390 anno
762 4347 840 4404 1499.
855 4331 939 4392 Obiit
952 4351 1028 4389 anno
1041 4345 1119 4402 1570.
1134 4335 1166 4389 ln
1180 4351 1234 4389 suo
1247 4343 1424 4392 testamento
1439 4331 1545 4390 mentire
1556 4342 1581 4380 se

388 4443 456 4482 cum
469 4427 615 4482 Lutherou
629 4423 769 4496 scriptum
782 4421 910 4495 reliquit,
925 4431 958 4478 ut
970 4422 1011 4477 ait
1024 4423 1170 4491 Annuus,
1188 4423 1272 4478 Vitae
1285 4425 1510 4499 theologorum...
1520 4431 1581 4491 ger·

388 4533 567 4571 manorum.

441 4607 452 4638 ⁴
489 4604 525 4658 P.
543 4601 741 4674 Hieronymus
754 4601 870 4668 Torres,
885 4599 922 4655 de
935 4616 993 4672 quo
1006 4600 1123 4673 saepius
1136 4599 1246 4656 dictum
1261 4609 1317 4660 est.

441 4695 452 4728 ⁵
489 4691 660 4762 MengiuuS.
