3482 5386
398 502 453 562 790
826 493 930 550 Errsr.
950 493 984 550 P.
1005 493 1119 552 Nooru.

366 645 411 716 Ρ.
439 644 487 712 V.
509 642 621 713 scriue
636 643 728 711 circa
746 645 769 711 il
790 647 895 714 vestit
921 645 1001 715 delli
1016 644 1123 713 nostri
1143 643 1179 711 in
1205 644 1305 732 Spira
1320 653 1354 712 et
1373 665 1433 730 per
1448 643 1485 708 la
1501 641 1597 710 Ger-
1712 699 1713 708 .

366 730 492 812 mania,
517 743 589 800 eta
609 754 662 800 me
683 755 821 801 occorre
836 737 901 804 che
928 735 1043 820 quelli,
1061 733 1085 800 li
1105 733 1197 820 quali
1222 732 1301 800 dalli
1316 731 1422 799 nostri
1450 752 1543 798 sono
1559 741 1596 797 et

366 841 513 887 saranno
537 820 574 886 in
590 821 701 908 spira,
720 824 785 890 che
811 825 865 891 dal
892 823 1058 910 principio
1085 822 1365 892 incommenzano
1390 817 1532 886 vestirsi
1560 819 1592 882 al

366 909 467 975 modo
483 929 582 978 come
596 909 626 976 si
640 909 774 978 vestino
796 912 820 977 li
839 911 974 981 honesti
1000 910 1167 980 sacerdoti
1186 910 1220 978 di
1236 912 1348 996 quella
1364 909 1442 989 citi,
1462 917 1500 976 et
1516 906 1591 1008 cosi

366 995 391 1062 li
407 997 562 1085 magistri
578 999 768 1086 respectiue
787 1011 815 1081 ⁸,
838 1012 872 1069 et
888 1004 953 1068 che
975 999 1166 1068 nellil’altri
1178 998 1313 1086 collegii
1328 1022 1349 1066 a
1364 1019 1450 1084 poco
1467 1015 1592 1082 segul-
1713 1017 1714 1088 1

367 1097 479 1154 tanoa
495 1086 716 1156 conformarsi
730 1091 763 1155 al
778 1089 964 1158 medesimo
975 1109 1037 1156 vso
1053 1090 1142 1158 nella
1153 1088 1340 1157 Germania
1350 1085 1542 1173 superiore,
1556 1094 1590 1149 et

367 1185 489 1260 questa
508 1177 683 1261 prouincia
693 1178 749 1245 del
765 1180 901 1260 Rheno,
919 1179 1052 1246 benche
1064 1177 1099 1244 in
1112 1177 1253 1246 Colonia
1268 1187 1303 1244 et
1315 1173 1455 1244 Treueri
1473 1173 1505 1240 si
1521 1175 1594 1259 puo

368 1285 445 1330 vsar
466 1264 521 1331 del
536 1285 605 1330 vno
625 1276 659 1334 et
685 1268 772 1333 altro
796 1267 927 1349 habito,
944 1288 1041 1334 corne
1061 1265 1152 1332 lochi
1179 1265 1309 1350 liquali
1332 1265 1367 1330 in
1388 1264 1496 1331 molte
1511 1282 1591 1362 oose

369 1355 483 1419 hanno
510 1355 819 1423 communicatione
846 1377 924 1423 cum
940 1355 1044 1441 quelli
1062 1356 1142 1424 dell'
1167 1354 1326 1422 inferiore
1350 1364 1384 1420 et
1410 1371 1592 1437 superiore

370 1441 585 1528 Alamagnia‚
604 1453 640 1509 et
655 1447 727 1510 cosi
742 1455 986 1514 monstraremo
1006 1447 1069 1511 che
1089 1465 1159 1511 non
1174 1443 1225 1510 sia
1239 1441 1261 1509 l’
1284 1464 1352 1508 vno
1378 1443 1421 1508 ne
1436 1452 1451 1484 ²
1465 1437 1490 1506 l’
1506 1439 1594 1506 altro

369 1529 486 1595 habito
511 1531 648 1616 proprio
674 1533 762 1600 della
778 1534 1002 1622 Compagnia,
1024 1553 1122 1600 come
1142 1543 1192 1598 tra
1214 1531 1263 1618 gli
1289 1530 1395 1599 nostri
1416 1529 1526 1596 etiam
1542 1529 1591 1592 al-

370 1617 477 1684 chuni
500 1619 698 1687 nutriscano
721 1622 744 1687 li
764 1623 876 1709 capilli
892 1623 927 1690 in
947 1633 1046 1702 testa,
1064 1623 1088 1688 li
1103 1621 1180 1688 altri
1195 1642 1308 1686 vanno
1326 1617 1424 1686 tonsi.
1442 1619 1484 1684 ln
1502 1625 1592 1718 tutto

370 1708 475 1773 molto
487 1707 692 1791 voluntier0‚
706 1710 833 1780 sicome
844 1711 879 1777 in
891 1711 974 1799 ogni
986 1713 1071 1778 altra
1082 1731 1175 1790 cosa,
1190 1709 1262 1776 cosi
1275 1710 1309 1775 in
1326 1719 1459 1794 questa,
1473 1726 1587 1790 sequi-

372 1807 500 1862 taremo
516 1796 540 1862 il
556 1796 683 1865 iudicio
699 1809 733 1867 et
749 1821 867 1886 parere
881 1802 917 1867 di
937 1803 981 1868 V.
1001 1803 1057 1880 Ρ.,
1079 1799 1135 1867 cui
1150 1799 1217 1867 Dio
1231 1809 1349 1865 nostro
1369 1796 1490 1882 siguor
1506 1815 1588 1896 091¹:

370 1884 462 1952 serui
478 1885 514 1951 in
530 1885 674 1954 sanitae
694 1888 806 1974 gloria
833 1911 895 1957 sua
910 1900 944 1956 et
966 1888 1146 1955 direttione
1162 1899 1288 1967 nostra,
1315 1909 1335 1951 3
1361 1885 1418 1951 cui
1440 1895 1586 1950 oratmm

370 1971 647 2042 continuamente
663 1976 817 2043 desidero
832 1999 925 2046 esser
946 1971 1256 2056 raccommandat‘o.
1277 1975 1321 2042 Di
1335 1977 1498 2056 Treuere,
1516 1993 1538 2038 a
1551 1970 1585 2036 di

374 2061 463 2130 lodi
479 2063 598 2148 Aprile
618 2065 716 2148 1567.
738 2068 783 2133 D.
802 2067 845 2133 V.
865 2069 905 2134 R.
926 2069 965 2134 P.
984 2087 1087 2134 seruo
1103 2076 1138 2134 et
1153 2065 1282 2152 figliolo
1296 2064 1329 2130 in
1345 2063 1497 2144 Christ0,

1083 2157 1255 2222 Auroruo
1278 2155 1408 2220 Vnica.

437 2239 621 2326 Inscriptio
632 2264 654 2306 a
668 2246 776 2330 tergo:
791 2244 816 2331 †
833 2246 900 2311 Per
916 2243 939 2308 il
955 2242 1060 2309 molto
1076 2244 1163 2311 Rdo.
1182 2244 1225 2312 P.
1248 2239 1487 2330 Francescoldi
1503 2239 1585 2306 Bor-

370 2324 441 2414 gia‚
457 2328 631 2414 preposito
651 2332 811 2416 generale
832 2333 922 2399 della
941 2332 1156 2419 Compagnia
1173 2333 1208 2397 di
1229 2333 1336 2398 Iesus.
1366 2332 1445 2396 Alia
1472 2345 1588 2394 manu:

375 2417 476 2500 1567.
499 2419 540 2484 P.
566 2420 754 2506 Vestigium
767 2422 890 2508 sigilli.

925 2591 1035 2658 XLIV

675 2721 711 2776 S.
740 2721 1027 2780 FRANCISCUS
1055 2725 1113 2780 DE
1139 2722 1284 2796 BORJA

767 2860 874 2907 PATRI
898 2861 1060 2909 ANTONIO
1084 2861 1192 2910 VlNCK

712 2974 856 3054 Romae,
890 2991 928 3040 12
955 2973 1084 3060 Aprilis
1114 2975 1198 3059 1567
1229 2977 1251 3040 ¹.

627 3103 673 3158 De
686 3105 756 3160 novi
769 3105 983 3187 urchiepiscopi
993 3107 1168 3163 trevirensis
1180 3107 1330 3163 clodione.

438 3219 563 3305 Doppo
590 3220 612 3285 l'
642 3221 727 3288 altra
749 3221 868 3289 scritta
889 3222 1026 3290 intorno
1048 3223 1080 3290 al
1101 3224 1325 3292 arciuescouo
1351 3225 1454 3292 eletto
1477 3235 1583 3290 treuc-

372 3327 471 3374 rense
487 3307 513 3387 ¹,
530 3307 561 3374 ci
578 3308 596 3376 ὲ
616 3318 706 3377 stato
726 3309 864 3378 referito
885 3313 1002 3380 chela
1025 3313 1186 3382 elettione
1209 3335 1278 3380 non
1301 3315 1320 3380 ὲ
1343 3333 1471 3380 ancora
1494 3315 1582 3378 farta.

374 3397 482 3462 Posso
494 3395 567 3464 dire
580 3418 647 3464 con
663 3398 786 3479 ueriti,
800 3401 865 3468 che
881 3411 976 3467 tanto
992 3401 1015 3466 il
1031 3423 1164 3468 summo
1179 3403 1360 3488 pontefice,
1375 3413 1504 3487 quanto
1514 3397 1581 3466 altri

371 3483 549 3571 principali
565 3486 600 3552 di
616 3499 736 3571 questa
753 3487 847 3554 curia
862 3510 1012 3571 romana,
1034 3492 1217 3558 haueuano
1237 3512 1337 3577 preso
1358 3491 1483 3576 special
1506 3509 1581 3555 con-

371 3572 525 3640 solacion
539 3575 748 3644 intendendo
765 3577 848 3644 fossi
865 3579 948 3644 13113
963 3579 986 3643 l'
1004 3579 1165 3646 elettione
1178 3579 1215 3645 in
1235 3601 1379 3665 persona
1398 3581 1455 3648 del
1473 3578 1581 3664 signos

371 3663 543 3730 decano...
563 3675 597 3732 et
614 3665 657 3732 V.
678 3667 717 3732 R.
741 3687 806 3732 con
826 3666 940 3750 quello
959 3668 1026 3735 che
1048 3667 1123 3734 sari
1147 3667 1251 3736 eletto
1275 3667 1381 3735 usila
1405 3665 1581 3737 medesima

371 3749 551 3836 diligentia
567 3755 634 3821 che
649 3775 709 3840 per
725 3755 812 3820 altra
826 3755 850 3821 li
865 3757 885 3822 ὁ
900 3765 991 3822 stata
1006 3757 1308 3825 raccomandata...

372 3892 570 3908 ——uu——q

423 3966 440 4000 ⁸
468 3956 535 4014 Non
556 3959 634 4014 clare
656 3966 777 4031 apparet
798 3977 836 4015 an
857 3961 1018 4031 respettiue
1040 3962 1088 4018 vel
1109 3962 1272 4035 aspediae
1293 3962 1480 4020 emendatum
1503 3959 1580 4018 rit.-

370 4045 592 4103 bEmendatum
606 4065 623 4103 3
636 4047 673 4102 N.
688 4047 723 4118 (i)
736 4066 773 4105 ex
786 4049 926 4106 nolle-0
940 4050 1134 4108 Emendatum
1148 4068 1185 4108 ex
1197 4069 1259 4108 non
1270 4049 1315 4122 (1).

425 4237 434 4268 ¹
472 4234 517 4290 Ex
530 4235 671 4305 Regesto,
688 4233 759 4292 Cod.
776 4252 809 4308 33
820 4238 869 4311 g),
880 4235 931 4293 iol.
946 4250 1018 4293 ιον.
1029 4237 1105 4294 Vide
1115 4255 1182 4312 pag.
1193 4239 1256 4310 4533
1267 4240 1331 4310 4683
1342 4247 1372 4298 et
1381 4240 1506 4314 append.
1516 4235 1582 4293 xm.

423 4326 434 4358 ¹
472 4323 602 4395 Jacobus
615 4326 653 4380 ab
666 4327 793 4383 Eltzvel
807 4328 870 4383 Elz.
