3414 5374
414 456 468 528 696
802 458 907 514 Emer.
927 457 961 513 P.
981 456 1183 528 Ninus-582

378 619 413 677 et
428 629 585 696 comprar
600 607 676 675 libri
692 609 736 676 da
752 611 864 694 questi
881 625 935 694 50,
949 610 1119 696 spannoli,
1134 620 1169 678 et
1184 609 1219 676 di
1234 608 1337 695 quelli
1354 627 1416 676 100
1432 607 1466 676 di
1481 611 1525 678 V.
1541 611 1597 690 P.,

379 734 413 793 et
430 724 464 790 di
480 724 584 811 quelli
601 743 646 792 20
660 726 727 792 che
743 725 790 792 mi
801 736 978 793 restorono
990 726 1045 793 dal
1056 726 1188 794 cauallo
1200 735 1235 794 et
1251 724 1375 792 viatico
1395 734 1412 767 ⁸
1426 727 1490 794 che
1503 724 1598 794 siano
1678 785 1679 790 ,

378 841 417 904 iu
432 840 623 906 subsidium
639 841 831 908 studiorum
851 861 1005 908 meorum
1021 841 1193 924 senilium,
1209 851 1244 910 et
1260 839 1334 908 cusi
1350 861 1416 908 con
1436 841 1469 908 la
1487 841 1596 928 gratia

378 954 413 1020 di
429 955 522 1021 Iddio
543 955 670 1042 partirb
690 956 804 1023 subito
824 956 917 1043 dipoi
939 957 972 1024 la
995 957 1231 1043 Assumption.
1257 958 1285 1023 11
1311 956 1445 1044 Signor,
1462 956 1508 1024 sia
1530 977 1594 1022 con

378 1091 485 1136 meco.
504 1071 571 1136 Del
586 1070 732 1157 negocio
747 1071 827 1138 delli
847 1070 988 1159 imagini
1008 1073 1133 1139 vederb
1153 1075 1218 1142 che
1238 1071 1362 1138 dicono
1381 1070 1418 1137 in
1438 1071 1593 1158 Augusta
1679 1075 1680 1090 ¹

380 1196 415 1252 et
436 1185 577 1252 scriuirb
597 1187 663 1255 alla
684 1189 723 1255 P.
750 1186 808 1268 V.‚
830 1186 978 1256 volendo
997 1187 1021 1252 il
1041 1185 1179 1274 Signor.
1203 1188 1281 1255 Non
1302 1205 1442 1255 occorre
1457 1186 1549 1254 altro.
1567 1186 1593 1251 11

380 1299 508 1386 Signor
535 1323 596 1387 per
616 1323 679 1368 sua
698 1300 928 1370 misericordia
948 1300 1123 1390 augmenti
1144 1323 1277 1387 sempre
1296 1300 1319 1366 li
1340 1300 1391 1366 soi
1411 1301 1498 1367 santi
1515 1299 1593 1366 doni
1680 1369 1681 1380 ἶ

379 1414 415 1481 in
431 1416 474 1482 V.
496 1418 535 1483 P.
554 1436 575 1482 a
590 1415 723 1503 magior
738 1416 849 1504 gloria
865 1415 977 1514 di'sua
992 1415 1110 1482 diuina
1126 1417 1224 1496 Mtai,
1239 1425 1274 1482 et
1285 1416 1352 1482 ben
1368 1415 1591 1502 magiordella
1680 1397 1681 1412 ¹

381 1530 594 1617 Compagnia
610 1554 670 1618 per
686 1531 782 1598 molti
798 1530 890 1598 anni.
905 1533 1030 1600 Amen.
1045 1532 1125 1600 Alle
1136 1530 1238 1598 misse
1250 1540 1285 1598 et
1297 1529 1440 1597 orationi
1450 1530 1484 1596 di
1496 1531 1534 1598 V.
1550 1531 1588 1596 P.
1681 1572 1682 1664 p

380 1645 415 1711 di
431 1665 535 1712 cuore
551 1646 597 1711 mi
614 1645 824 1727 ricomand0‚
843 1657 878 1713 et
893 1645 973 1713 delli
991 1645 1093 1714 Padri
1108 1643 1280 1714 assistenti
1295 1655 1330 1714 et
1345 1644 1531 1713 secretario.
1548 1642 1589 1711 Di

380 1761 480 1842 Hala,
501 1779 538 1845 31
558 1761 592 1827 di
607 1761 693 1829 Iulio
713 1777 805 1846 1575.
822 1763 867 1828 D.
887 1763 927 1828 P.
947 1762 991 1828 V.
1009 1781 1111 1829 seruo
1132 1759 1168 1826 in
1190 1760 1268 1841 X.⁰,

1189 1883 1212 1972 †
1235 1886 1374 2061 Nmpe.
1402 1883 1425 1971 †
1682 1938 1683 2030 p

448 2107 632 2191 inscriptio
647 2108 686 2172 iu
701 2111 827 2193 quartu
838 2108 986 2194 pagiua,
998 2106 1070 2171 alia
1085 2104 1240 2192 mauu:†
1256 2105 1451 2172 Admodum
1463 2105 1539 2171 Rdo.
1552 2103 1583 2168 in

385 2221 522 2289 Christo
543 2219 638 2288 Patri
658 2221 703 2290 N.
726 2223 766 2288 P.
793 2221 968 2288 Euerardo
988 2219 1214 2302 Mercurium,
1238 2218 1432 2306 praeposito
1452 2217 1585 2306 generali

386 2335 672 2425 SocietatisJesu.
692 2337 829 2403 Romae.
849 2337 930 2403 Alia
952 2357 1070 2402 mauu:
1096 2349 1191 2418 1575.
1215 2334 1314 2401 Hala.
1338 2335 1379 2402 Ρ.
1403 2333 1526 2402 Natale.
1549 2349 1582 2416 31

380 2451 418 2517 di
433 2451 568 2539 Luglio.
587 2452 705 2540 Sigilli
720 2453 917 2540 vestigium.

954 2643 1046 2707 ose

716 2772 757 2839 P.
775 2771 1084 2841 HIERONYMUS
1107 2771 1271 2838 NADAL

631 2902 759 2959 PATRI
781 2902 1027 2962 EVERARDO
1051 2901 1355 2962 MERCURIANO

745 3029 924 3087 uueusrnn,
940 3031 975 3089 29
988 3031 1124 3076 iuousm
1140 3029 1206 3088 1575
1219 3019 1239 3074 ¹.

648 3133 695 3189 De
707 3134 771 3188 suis
783 3134 943 3202 laboribus,
957 3133 1088 3206 scriptis,
1102 3133 1189 3190 libris
1200 3139 1228 3190 et
1240 3134 1335 3190 sociis.

450 3259 473 3347 †
495 3260 603 3328 Molto
626 3260 712 3326 Rd0.
732 3261 772 3326 P.
790 3261 835 3327 N.
858 3259 893 3324 in
917 3262 1007 3345 Xpo.
1028 3262 1099 3327 Pax
1120 3257 1177 3326 X.¹
1197 3261 1269 3329 Son
1288 3269 1418 3328 venuto
1436 3281 1500 3346 qua
1517 3277 1585 3344 pas-

384 3375 491 3442 sando
506 3395 567 3461 per
583 3372 776 3454 Monachio‚
795 3393 856 3459 per
870 3374 931 3440 dar
946 3374 1068 3460 ragion
1084 3375 1120 3440 al
1133 3374 1244 3442 Padre
1258 3372 1455 3460 prouincial.
1472 3375 1524 3440 Ho
1534 3391 1583 3437 eo

388 3489 535 3557 mincato
562 3511 583 3556 a
608 3510 764 3574 comprar
790 3489 908 3575 alguni
935 3489 1023 3572 libri,
1052 3500 1086 3556 et
1110 3489 1259 3576 spettarb
1279 3491 1343 3558 che
1362 3487 1528 3575 venghino
1547 3485 1583 3550 da

386 3607 575 3672 Francfort.
593 3603 683 3671 Delli
698 3603 863 3690 imagini'
881 3604 1020 3672 intendo
1036 3607 1100 3671 che
1115 3605 1139 3670 l'
1156 3605 1307 3691 sculptor
1321 3605 1377 3674 del
1397 3605 1450 3673 Sr.
1469 3599 1582 3685 Philip-

387 3721 454 3807 po³
472 3741 540 3786 non
556 3719 605 3806 gli
621 3719 689 3805 pub
706 3718 837 3806 tagliar.
856 3720 894 3784 In
911 3729 1007 3786 tanto
1017 3720 1200 3806 procurari>
1214 3721 1278 3788 che
1293 3717 1322 3785 si
1332 3719 1477 3787 veddino
1490 3717 1520 3784 le
1529 3736 1582 3782 an-

387 3834 554 3902 notationi
571 3844 604 3902 et
620 3833 830 3900 meditationi
845 3835 889 3899 da
904 3833 1016 3918 questi
1032 3833 1145 3915 Padri,
1163 3844 1198 3900 et
1213 3834 1295 3901 darb
1315 3833 1435 3920 region
1448 3855 1469 3899 a
1482 3833 1525 3900 V.
1545 3829 1579 3896 Ρ.

386 3949 454 4018 Gii
469 3950 535 4016 alla
550 3948 618 4016 mia
633 3959 791 4036 partenza
806 3949 896 4016 diedi
916 3948 1036 4036 ragion
1056 3949 1122 4016 alla
1142 3951 1180 4019 P.
1198 3950 1242 4018 V.
1260 3950 1349 4016 delle
1367 3949 1434 4016 mie
1451 3966 1580 4030 oocupa-

387 4065 471 4132 tioni
494 4068 558 4132 che
581 4067 717 4133 haueua
743 4065 777 4130 di
803 4067 910 4132 hauer
933 4087 1011 4150 qua.
1038 4065 1186 4146 Adesso,
1204 4069 1238 4130 vt
1258 4065 1296 4129 iu
1316 4085 1404 4130 notio
1420 4060 1582 4148 principio,

387 4182 477 4248 deuo
493 4183 545 4248 far
559 4181 584 4247 il
599 4181 796 4262 medesimo,
814 4203 875 4268 per
890 4201 983 4248 esser
999 4179 1142 4267 guidato
1157 4203 1177 4248 a
1192 4180 1293 4266 pieno
1308 4179 1397 4246 della
1411 4187 1504 4246 santa
1516 4176 1582 4242 obe·

392 4303 585 4316 -———

439 4361 456 4394 α
484 4365 501 4404 2
514 4350 606 4405 verba
618 4365 702 4422 seqq.
720 4349 751 4404 in
764 4365 859 4420 marg.
876 4347 974 4403 addita
986 4355 1055 4404 sunt
1068 4365 1085 4403 a
1098 4349 1136 4404 N.

441 4489 449 4520 ¹
487 4487 531 4540 Ex
544 4485 735 4556 autographo,
749 4482 779 4539 in
792 4483 889 4556 Epist.
904 4481 1021 4555 Nolui,
1034 4482 1074 4552 11,
1087 4481 1197 4555 duplici
1210 4481 1273 4554 fol,
1287 4479 1340 4551 234
1351 4483 1438 4550 (142).

440 4577 451 4608 ²
489 4573 564 4629 Vide
577 4573 653 4646 epist
678 4571 741 4643 581.

436 4663 449 4696 ³
486 4661 637 4736 Philippus
651 4661 802 4719 Eduardus
815 4663 839 4718 F
841 4679 942 4734 ugger.
954 4660 1029 4717 Vide
1042 4661 1128 4733 epist.
1140 4657 1205 4734 359,
1215 4679 1244 4717 n.
1256 4658 1284 4729 3;
1295 4668 1326 4715 et
1340 4658 1426 4730 inira,
1439 4659 1521 4732 epist.
1531 4653 1584 4724 584.
