3494 5392
374 477 428 520 xvt
696 459 888 514 Paooumuu
906 468 1012 513 2211111
1030 468 1203 516 vocuurms

339 641 408 686 non
424 615 545 700 labori,
564 636 634 681 non
650 611 830 679 itineribus
846 631 1003 696 parcens,
1026 634 1046 678 a
1068 611 1123 680 die
1149 613 1168 677 8
1192 610 1323 698 Aprilis
1351 614 1435 697 1566
1457 617 1501 681 ad
1525 631 1567 682 20

334 744 419 834 Julii
435 743 589 830 ejusdem
604 738 699 820 anni;
718 748 752 806 et
768 736 892 804 deinde
909 738 998 822 (post
1013 736 1176 804 Austriae
1192 737 1451 826 inspectionem)
1468 761 1488 806 a
1511 740 1567 809 die

340 893 359 956 3
377 869 539 940 Octobris
557 887 665 952 usque
682 865 726 932 ad
741 864 846 931 finem
861 863 1066 932 Novonbris
1092 865 1188 948 1566.
1213 865 1282 932 Sex
1302 863 1410 951 igitur
1430 887 1565 934 menses

337 995 502 1083 impendit
519 993 554 1058 in
570 988 778 1060 Germaniae
793 987 948 1075 collegiis
969 988 1227 1074 perlustrandis,
1250 989 1376 1074 quibus
1396 990 1564 1076 septimus

250 1201 255 1210 1
339 1119 419 1186 addi
446 1127 560 1203 potest
587 1114 630 1182 ab
659 1111 755 1178 initio
776 1131 823 1178 sc.
855 1110 969 1178 Martii
992 1113 1035 1177 ad
1057 1111 1185 1197 primos
1212 1111 1340 1198 Aprilis
1367 1112 1456 1191 dies3
1485 1136 1563 1180 nam

338 1242 402 1312 etsi
422 1263 464 1309 eo
486 1253 637 1326 tempore
657 1235 804 1323 negotiis
830 1235 1044 1322 potissimum
1061 1237 1245 1323 augustani
1261 1248 1451 1306 conventus
1466 1239 1565 1306 disti-

338 1377 489 1447 neretur,
507 1365 615 1431 multa
631 1361 703 1446 jam
725 1371 808 1426 tunc
828 1381 908 1426 cum
928 1361 1200 1430 moderatoribus
1220 1361 1432 1448 provinciae,
1456 1366 1566 1431 multa

337 1515 416 1561 cum
444 1490 584 1578 Borgia,
614 1489 658 1556 de
685 1488 788 1554 rebus
815 1496 850 1555 et
878 1484 1032 1572 personis
1052 1485 1263 1553 Germaniae
1287 1487 1564 1574 contuliti5-62).

339 1616 518 1704 Expetitus
539 1615 648 1680 multo
669 1623 809 1680 anteaa
833 1610 994 1677 Patribus
1018 1610 1192 1697 germanis
1219 1621 1253 1677 et
1277 1634 1296 1678 a
1323 1611 1486 1678 cardinali
1506 1635 1565 1678 au·

338 1753 486 1830 gustano
513 1741 644 1808 Ottone
664 1739 854 1805 Truchsess
882 1737 926 1822 (2,
952 1736 1135 1820 845-850),
1162 1735 1265 1802 alacri
1293 1736 1424 1803 Natalis
1450 1737 1564 1804 animo

260 1909 263 1916 ·
339 1869 404 1935 iter
423 1864 629 1935 Germaniae
650 1861 806 1948 arripuit,
829 1872 864 1930 et
886 1860 1029 1940 fortiter,
1054 1861 1143 1928 inter
1157 1860 1266 1942 nives,
1284 1860 1419 1946 pluvias
1439 1872 1474 1930 et
1501 1885 1559 1949 pe-

338 1989 459 2072 ricula,
489 1987 637 2055 confecit
669 1985 808 2073 (15-18).
836 1985 994 2068 Cumque
1020 1983 1148 2050 bellurn
1169 1983 1336 2052 turcicum
1357 1984 1560 2069 immineret,

338 2118 374 2185 in
395 2117 478 2183 illud
494 2113 663 2202 proficisci
684 2121 835 2198 exoptat,
855 2119 893 2176 ut
915 2109 1079 2176 militibus
1099 2109 1251 2176 subsidia
1279 2110 1453 2197 religionis
1479 2133 1562 2178 con·

341 2244 428 2309 terre
454 2241 582 2322 valeat;
612 2238 673 2304 sed
700 2235 874 2302 dissuadet
899 2234 933 2299 id
965 2234 1142 2316 Canisius,
1176 2245 1211 2300 et
1242 2235 1370 2322 Borgia
1395 2236 1562 2304 utiliorem

339 2387 476 2454 operam
497 2365 532 2430 in
554 2360 709 2447 collegiis
730 2357 937 2429 Germaniae
963 2357 1151 2426 invisendis
1178 2358 1371 2445 positurum
1391 2359 1564 2428 existimat

340 2495 407 2580 (19,
426 2509 480 2573 34,
500 2488 554 2572 56,
574 2487 639 2572 70).
658 2482 838 2554 Scribendi
859 2480 1084 2550 ministerium
1107 2503 1169 2568 pro
1188 2482 1277 2550 virili
1298 2486 1391 2553 fovet
1412 2487 1480 2572 (21,
1506 2503 1561 2570 25,

341 2617 395 2696 26,
425 2631 479 2699 37,
508 2632 564 2696 43,
595 2629 649 2695 73,
680 2610 757 2689 821,
788 2607 877 2692 822).
907 2606 1198 2693 Augustinianam
1223 2609 1484 2691 confessionem,
1503 2631 1561 2676 or-

341 2729 490 2807 thodoxo
516 2738 646 2804 calamo
675 2733 849 2820 scriptam,
874 2742 1088 2818 augustanae
1109 2733 1315 2802 confessioni
1338 2735 1463 2822 opponi
1482 2757 1560 2821 pro·

339 2869 397 2933 bat
413 2864 491 2952 (21).
510 2865 549 2930 ln
564 2858 774 2930 Kemnitium
789 2857 894 2925 libros
910 2856 1143 2944 apologeticos
1159 2881 1179 2926 a
1196 2858 1301 2927 Paiva
1317 2860 1419 2927 scribi
1434 2861 1559 2948 satagit

339 2993 406 3080 (84,
440 3008 513 3074 123,
544 2987 621 3071 356,
651 3001 733 3068 357,
763 2983 850 3067 435).
881 2981 1013 3050 Libello
1043 2983 1177 3050 comitis
1207 2983 1346 3071 palatini
1375 3007 1394 3052 a
1422 2985 1560 3054 Canisio
1641 2973 1644 2978 ⁵

338 3111 535 3202 responderi
551 3121 649 3178 curat
665 3110 732 3196 (72,
748 3106 813 3193 73).
834 3107 890 3174 Ab
903 3106 1118 3193 imperatrice
1129 3107 1287 3194 primum,
1305 3109 1385 3178 dein
1397 3111 1440 3177 ab
1452 3109 1561 3197 impe·

338 3251 450 3308 ratore
466 3236 608 3304 comiter
623 3241 801 3319 exceptus,
817 3230 954 3297 illorum
970 3252 1054 3318 erga
1069 3231 1276 3302 Societatem
1288 3235 1561 3304 benevolentiam

339 3362 505 3432 demereri
521 3361 637 3428 studet
654 3359 720 3446 (27,
741 3372 796 3440 37,
815 3375 869 3442 39.
888 3355 954 3444 49).
973 3356 1181 3426 Germaniae
1196 3357 1461 3441 amantissimus,
1475 3361 1562 3447 opti·

339 3489 402 3556 mis
417 3487 510 3553 illam
525 3481 687 3570 operariis
703 3491 738 3548 et
754 3478 977 3566 scriptoribus
992 3481 1102 3548 dotari
1118 3482 1217 3550 enixe
1237 3484 1388 3569 postulat
1412 3485 1479 3571 (32,
1503 3507 1559 3571 33,

338 3632 394 3697 42,
414 3629 468 3696 51,
491 3623 565 3693 155,
584 3624 662 3686 201,
680 3605 758 3685 216,
775 3603 864 3686 ete).
883 3605 1035 3691 Juvenes
1050 3613 1147 3691 aptos
1163 3606 1206 3672 ad
1218 3605 1426 3675 Societatem
1438 3630 1560 3695 quam-1

338 3738 453 3826 plures
470 3732 603 3801 admitti
619 3738 769 3817 exoptat,
787 3739 822 3796 et
839 3745 881 3814 5o
897 3729 1053 3796 alumnos
1068 3751 1250 3817 germanos
1266 3734 1394 3801 Romae
1409 3757 1430 3800 a
1445 3735 1559 3821 ponti-

337 3864 402 3930 fice
427 3856 610 3928 sustentari
637 3855 731 3942 cupit
757 3854 857 3942 (138).
880 3852 1096 3922 Novitiorum
1122 3855 1238 3922 domui
1269 3857 1557 3927 contributionem

337 3985 484 4074 collegia
498 3983 647 4071 pendere
663 3990 762 4047 curat
783 3980 872 4066 (332,
896 3979 974 4061 782,
997 3979 1084 4064 783).
1104 3983 1173 4048 Pro
1192 3982 1338 4070 collegio
1353 4005 1494 4051 romano
1509 3987 1557 4052 la-

338 4114 436 4180 borat
457 4109 557 4197 (193).
581 4108 749 4174 Votorum
775 4103 977 4190 simplicium
998 4103 1178 4172 Societatis
1197 4105 1392 4176 firmitatem
1409 4108 1559 4178 defendit

339 4235 438 4324 (194).
463 4229 639 4301 Canisium
661 4228 766 4296 sacris
785 4226 1059 4314 expeditionibus
1084 4228 1311 4315 liberandum,
1345 4233 1448 4318 idque
1475 4255 1563 4320 pon-

338 4358 422 4427 tifici
444 4377 585 4424 romano
612 4353 825 4424 suadendum
846 4362 944 4439 putat
971 4353 1064 4438 (133,
1091 4369 1165 4438 135,
1189 4355 1281 4443 etc).
1305 4357 1397 4442 Erga
1416 4358 1563 4425 Germa.

337 4485 428 4552 niam
445 4501 577 4549 summa
591 4475 805 4564 benignitate
822 4479 988 4546 utendum
1007 4487 1138 4562 censet,
1156 4478 1259 4566 idque
1274 4479 1374 4549 enixe
1390 4482 1427 4550 S.
1448 4482 1510 4549 Pio
1527 4481 1559 4546 V

335 4606 595 4696 proponendum
610 4602 745 4689 saepius
761 4602 909 4670 inculcat
925 4602 960 4670 in
977 4603 1048 4670 suis
1064 4603 1216 4690 epistolis
1231 4603 1379 4693 Borgiae
1394 4605 1494 4686 datis,
1512 4627 1555 4674 ex
