3322 5370
427 454 481 525 432
811 460 914 516 Errsr.
935 459 968 514 P.
989 457 1193 528 Nion-475

388 609 479 678 delle
494 631 574 677 cose
594 619 721 678 nostre.
740 613 789 679 La
807 613 849 678 P.
874 613 917 678 V.
939 612 974 678 lo
991 608 1207 678 raocomandi
1230 610 1262 676 31
1278 608 1425 696 Signore
1447 607 1529 676 Dio.
1557 609 1619 676 Pa-

390 725 463 806 dre,
478 747 498 790 a
511 746 565 793 rne
580 725 626 791 mi
642 747 808 794 mancano
821 726 877 814 giis
893 727 917 792 li
932 724 1031 812 grani
1046 723 1222 794 benedetti
1239 724 1328 794 della
1343 724 1466 812 regina
1479 745 1501 790 o
1513 725 1614 809 impe-

390 839 524 920 ratn'ce,
550 843 669 909 cth.
688 843 726 907 Ρ.
746 863 800 910 me
816 865 860 910 ne
875 843 969 910 dete.
990 841 1090 909 Perl'
1104 861 1199 908 amor
1213 840 1268 909 dcl
1285 839 1444 926 Signore,
1460 859 1501 906 se
1513 841 1555 906 V.
1575 842 1611 904 P.

389 975 434 1020 ne
449 957 505 1035 ha,
524 955 569 1022 mi
586 956 671 1023 faeci
688 957 870 1044 partecipe,
889 957 1013 1043 perch&
1033 957 1052 1023 ὲ
1068 978 1135 1023 vna
1151 975 1239 1042 gran
1254 955 1492 1023 consolatione
1513 977 1572 1040 per
1590 955 1610 1019 li

389 1070 523 1140 fratelli.
548 1073 626 1138 Non
646 1073 733 1138 altro
755 1094 815 1158 per
836 1082 968 1156 questa.
992 1071 1082 1140 Nelli
1108 1071 1197 1138 santi
1224 1070 1378 1156 sacrificij
1407 1081 1443 1140 et
1470 1071 1608 1136 orationi

387 1187 476 1253 della
495 1191 532 1254 P.
552 1188 596 1254 V.
616 1189 722 1254 molto
737 1187 767 1254 si
782 1187 1087 1266 raccomandiamO,
1105 1199 1139 1256 et
1150 1186 1355 1255 similmente
1369 1185 1406 1252 in
1418 1185 1525 1271 quelli
1537 1185 1609 1250 delli

389 1302 492 1368 Padri
508 1303 691 1385 assistenti,
709 1281 827 1371 del'P.
847 1303 1009 1384 Polanco,
1028 1314 1062 1371 et
1085 1305 1125 1370 P.
1149 1301 1327 1382 Madridi0,
1350 1312 1416 1370 etc.
1440 1303 1610 1368 Dominus

386 1417 432 1482 sit
452 1417 636 1482 nobiscum.
660 1420 714 1485 Da
736 1417 891 1498 Colonia,
913 1417 937 1483 il
963 1416 1071 1504 primo
1092 1417 1127 1483 di
1153 1416 1272 1503 Aprile
1300 1417 1395 1500 1567.
1419 1419 1464 1484 D.
1497 1419 1537 1483 P.
1567 1416 1604 1480 V.

389 1552 492 1598 seruo
507 1554 550 1600 en
568 1534 645 1613 X.⁰,

1200 1655 1386 1832 lNffljsAL·
1413 1655 1435 1744 l

954 1885 1039 1948 m

711 1997 751 2060 P.
779 1994 1089 2064 HIERONYMUS
1118 1994 1283 2062 NADAL

612 2125 796 2184 SANCTO
830 2125 1091 2184 FRANCISCO
1131 2127 1189 2181 DE
1229 2123 1373 2196 BORJA

651 2255 821 2299 AUGUSTAE
832 2255 1051 2313 rnsvmoaon,
1068 2255 1098 2297 11
1110 2253 1232 2298 APRMS
1244 2241 1311 2310 1567
1323 2241 1342 2296 ¹.

381 2379 407 2419 1.
424 2365 469 2420 De
481 2365 585 2420 habitu
602 2385 622 2420 a
639 2367 725 2422 sociis
740 2369 775 2422 in
795 2365 965 2423 Germania
981 2367 1139 2440 gestando,
1158 2367 1199 2421 ad
1215 2369 1344 2422 mentem
1360 2365 1593 2420 constitutionum

416 2454 585 2510 Societatis.
595 2469 654 2510 -2.
672 2457 808 2528 Optimos
825 2457 967 2519 doctores,
981 2461 1040 2528 pro
1056 2456 1177 2528 collegii
1188 2455 1400 2527 herbipolensis
1412 2451 1593 2511 initiarunt

415 2539 649 2614 efflagitat-3.
668 2543 731 2598 Pro
752 2543 959 2616 consulatione
979 2541 1153 2607 Chemnitii,
1172 2542 1349 2614 opusculum
1364 2541 1475 2596 doctori
1498 2537 1592 2592 Torres

413 2629 603 2685 scribendum
613 2633 823 2687 committitur.
831 2647 890 2700 -4.
904 2632 1095 2704 Spirensibus
1104 2635 1190 2686 caute
1200 2629 1400 2686 scribendum:
1411 2631 1495 2702 urget
1501 2631 1589 2700 postu·

412 2718 556 2774 lationem
569 2719 728 2790 facultatis
739 2721 913 2776 absolvendi
925 2721 1058 2793 relapsos
1067 2719 1101 2774 in
1113 2719 1273 2775 haeresim:
1283 2720 1319 2774 de
1332 2719 1423 2775 Petro
1431 2713 1589 2773 colmani:

384 2841 396 2862 .
413 2809 449 2862 rle
460 2823 492 2862 re
502 2809 685 2879 pecuniaria
697 2809 817 2882 collegii
828 2809 988 2881 Dilingae:
1000 2809 1036 2864 de
1047 2809 1170 2864 novitiis
1179 2807 1308 2862 Romam
1317 2807 1478 2865 mittendis:
1485 2803 1588 2878 gaudet

413 2896 557 2968 Borgme,
571 2897 605 2951 in
621 2895 790 2954 Germania
796 2897 950 2969 juvanda,
964 2897 1107 2970 diligenti
1119 2900 1296 2970 operm-5.
1313 2896 1441 2952 Decreta
1455 2892 1586 2952 umidae

411 2985 657 3056 congregationis
669 2988 792 3058 accepit:
806 2971 1013 3042 ordinationes
1026 2986 1221 3058 generalium
1241 2986 1377 3058 integras
1392 2984 1493 3040 habere
1503 2979 1586 3052 eupit:

411 3073 524 3128 ardens
534 3073 671 3144 juvandi
691 3073 892 3130 Germaniam
910 3075 1095 3130 desiderium
1109 3073 1300 3146 pandit—6.
1322 3073 1504 3128 Documenta
1520 3069 1584 3124 Bor·

405 3162 515 3232 gisna,
530 3163 572 3216 ad
581 3162 797 3234 perfectionem
809 3165 937 3236 spiritus
948 3164 1126 3236 spectantia,
1137 3161 1284 3233 postulat:
1295 3161 1408 3233 scripta
1420 3163 1454 3216 de
1467 3159 1495 3215 S.
1505 3159 1584 3230 lgna·

411 3251 463 3315 tio,
479 3269 498 3305 a
511 3250 620 3306 Lainia
632 3252 803 3324 lucubrata,
816 3269 877 3308 non
889 3253 1050 3322 habet-7.
1066 3252 1110 3308 De
1122 3251 1187 3308 suis
1195 3250 1489 3323 peregrinationibus
1501 3251 1527 3303 et
1537 3244 1583 3299 mi·

412 3339 557 3398 nisteriis

445 3509 473 3558 1.
518 3494 616 3579 Jhus
636 3493 742 3560 Molto
758 3494 844 3559 Rdo.
863 3495 904 3558 P.
923 3493 966 3559 N.
986 3492 1021 3556 in
1038 3489 1186 3558 Christo.
1204 3494 1276 3559 Pax
1288 3489 1426 3570 Christi,
1440 3500 1502 3556 etc.
1516 3489 1581 3554 Due

371 3607 494 3674 lettere
509 3609 554 3672 ho
570 3607 739 3674 riceuutte
753 3606 812 3690 qui
832 3607 921 3673 della
944 3609 984 3674 P.
1009 3608 1067 3688 V.,
1092 3605 1172 3672 delli
1188 3621 1229 3689 25
1245 3616 1281 3672 et
1304 3606 1347 3672 26
1374 3603 1408 3672 di
1434 3605 1576 3671 Febraro.

372 3723 498 3806 Quella
510 3720 618 3808 prima
630 3733 646 3764 ²
665 3743 723 3790 era
734 3743 795 3808 per
807 3721 1020 3789 comissione.
1037 3723 1079 3788 Et
1091 3732 1219 3806 quanto
1227 3722 1260 3786 31
1272 3719 1412 3806 negotio
1423 3719 1530 3788 dellal
1570 3751 1576 3762 ·

371 3836 509 3903 datione
524 3837 580 3904 del
596 3837 741 3923 collegio
756 3838 791 3902 di
807 3837 907 3923 Spira
923 3848 957 3906 et
974 3835 1164 3922 Herbipoli,
1182 3836 1296 3903 scriuo
1311 3859 1371 3922 per
1386 3838 1445 3903 vn'
1462 3837 1537 3902 altra
1550 3827 1576 3894 31

371 3953 515 4038 lungh0,
533 3971 630 4020 come
647 3953 769 4022 vedert
789 3954 821 4019 13
838 3955 877 4018 Ρ.
897 3955 941 4020 V.
960 3955 997 4019 ln
1014 3962 1134 4037 questa
1149 3951 1347 4038 rispondero
1362 3952 1394 4018 31
1410 3962 1508 4019 resto.
1524 3943 1576 4014 Dcl

369 4068 470 4132 modo
486 4067 529 4134 dc
545 4066 669 4136 vestire
684 4067 719 4134 in
736 4067 846 4153 Spita,
866 4078 899 4136 et
915 4068 1017 4134 etiarn
1033 4067 1090 4133 nel
1105 4077 1197 4134 resto
1225 4067 1258 4132 d'
1285 4067 1475 4152 Alamagna
1490 4064 1512 4130 li
1525 4081 1575 4126 no-

423 4245 439 4278 t
468 4235 532 4290 Hoc
547 4237 630 4291 verb.
647 4253 734 4308 supra
747 4254 824 4292 vers.
840 4235 951 4292 addidit
963 4237 1029 4292 libr.

372 4345 570 4358 ——————-=

423 4397 429 4426 ¹
469 4395 513 4448 Ex
536 4395 705 4467 archetypo,
728 4413 746 4449 a
768 4395 902 4466 Jimenez
924 4402 1054 4464 exarato,
1077 4403 1108 4450 et
1130 4392 1242 4448 Natalis
1261 4409 1348 4448 manu
1371 4391 1540 4464 subscripto,
1555 4389 1577 4444 in

366 4481 465 4552 Epist.
480 4483 603 4548 Natat„
618 4484 657 4554 Il,
670 4483 778 4556 duplici
797 4483 859 4556 tol,
875 4483 925 4553 178
942 4483 1018 4555 (418,
1035 4485 1110 4553 419).
1127 4482 1202 4538 Vide
1220 4479 1310 4554 epist.
1326 4481 1390 4550 467,
1403 4479 1451 4536 cui
1463 4481 1530 4535 haec
1541 4493 1576 4534 re·

364 4569 501 4641 spondet.
516 4571 640 4628 Pulchre
654 4581 684 4627 et
696 4573 809 4628 curiose
822 4571 860 4628 de
873 4573 986 4644 habitu,
999 4589 1016 4626 3
1028 4570 1059 4626 S.
1074 4571 1190 4642 Ignatio
1203 4579 1233 4626 et
1245 4569 1346 4644 primis
1359 4569 1446 4626 sociis
1458 4575 1572 4640 gestato,

363 4655 395 4711 in
407 4657 453 4712 his
467 4658 573 4715 litteris
585 4659 703 4715 disserit
720 4659 843 4716 Natalis.
