3404 5380
576 413 814 472 8Sar>runsn1s
836 415 904 486 1566
1267 417 1317 475 231

153 565 321 654 prudentia,
337 579 437 653 atque
452 565 601 634 instituti
617 569 725 635 nostri
740 569 948 657 cognitione,
967 579 1001 637 et
1017 592 1082 636 usu
1095 571 1354 658 gubernationis

154 682 311 768 plurimum
330 681 363 748 in
383 681 533 750 Domino
553 684 787 767 confidamus;
805 684 949 771 dignum
971 696 1004 754 te
1024 686 1292 754 existimauimus
1316 687 1351 754 in

151 799 290 880 Domino,
302 819 399 883 quern
416 797 616 885 prouinciali
632 802 774 884 Lanoyo
787 801 945 870 daremus
961 822 1204 870 successorem.
1222 805 1272 870 Te
1284 803 1351 890 igi-

152 925 206 980 tur
229 913 422 1000 praedictum
453 915 677 981 Laurentium
709 916 901 1002 Maggium,
934 916 1137 984 auctoritate
1168 919 1350 985 admodum

150 1029 220 1096 Rdi.
236 1029 332 1096 Patris
346 1029 453 1096 nostri
469 1029 642 1097 Francisci
658 1051 678 1097 a
695 1031 832 1118 Borgia,
850 1031 1034 1119 praepositi
1047 1033 1218 1118 generalis
1231 1034 1348 1103 Socie-

147 1144 221 1210 tatis
238 1147 325 1232 Jesu,
353 1144 585 1226 nominamus,
615 1146 824 1213 instituimus
854 1158 889 1214 et
919 1169 1074 1216 creamus
1105 1148 1349 1234 prouincialem

144 1259 350 1344 praepositum
366 1283 428 1347 per
444 1260 642 1342 triennium,
660 1263 703 1328 de
720 1284 813 1329 more
825 1261 1017 1344 Societatis,
1032 1263 1067 1330 in
1080 1266 1145 1329 hac
1157 1263 1345 1350 prouincia,

143 1395 221 1460 quae
236 1373 410 1456 Austriam,
431 1375 643 1457 Bolremiam,
658 1377 847 1464 Vngariam
858 1388 893 1445 et
906 1377 1082 1444 Poloniam
1096 1379 1345 1464 complectitur,

141 1511 209 1554 cum
225 1512 260 1557 ea
273 1490 360 1557 omni
372 1491 569 1571 autoritate,
584 1512 686 1577 quam
699 1492 809 1561 solent
820 1491 1047 1582 prouinciales
1059 1493 1166 1559 nostri
1179 1492 1345 1575 obtinere,

143 1603 314 1672 innomine
336 1605 450 1673 Patris
471 1618 504 1674 et
528 1607 606 1673 Filii
633 1618 667 1675 et
694 1594 843 1693 Spiritus
870 1607 999 1677 Sancti.
1023 1610 1146 1675 Amen.
1171 1608 1346 1675 Christum

141 1741 212 1785 uero
222 1722 331 1808 Jesum
347 1731 421 1787 toto
437 1721 541 1788 animi
556 1725 682 1789 affectu
697 1745 876 1810 precamur
892 1734 995 1808 atque
1010 1724 1240 1804 obsecramus,
1256 1734 1294 1789 ut
1311 1733 1344 1791 te

143 1845 283 1920 tuamque
296 1837 579 1923 gubernationem
596 1848 700 1922 atque
721 1837 928 1924 prouinciam
952 1838 996 1905 ad
1016 1838 1176 1911 maiorem
1201 1838 1343 1924 gloriam

139 1947 267 2016 nominis
280 1951 342 2032 sui,
362 1950 652 2038 plurimarumque
667 1952 856 2020 animarum
873 1956 1016 2022 salutem
1037 1954 1072 2022 in
1093 1955 1165 2021 dies
1180 1953 1341 2040 dirigere,

139 2084 171 2128 ac
190 2087 379 2150 promouere
403 2067 578 2154 dignetur.
597 2071 725 2135 Datum
748 2073 897 2156 Pragae,
916 2070 973 2139 die
996 2072 1015 2136 8
1036 2069 1163 2138 mensis
1183 2071 1342 2155 Septem-

142 2179 199 2245 bris
216 2181 303 2264 1566.

675 2309 697 2397 †
720 2309 968 2378 Hranonruus
982 2311 1158 2377 Nuraurs.
1184 2308 1207 2397 †

190 2524 303 2592 Exstat
316 2528 476 2615 sigillum
492 2529 679 2594 Societatis.
699 2529 892 2614 Inscriptio
909 2552 931 2594 a
947 2534 1060 2617 tergo:
1080 2531 1242 2596 Patentes
1259 2529 1336 2596 lite-

139 2661 182 2707 rae
196 2641 291 2707 officii
306 2642 584 2728 prouincialatus.
603 2645 697 2710 idem
715 2645 834 2710 titulus
850 2643 972 2710 ibidem
989 2646 1147 2710 iteratur.

685 2811 779 2873 neu

444 2938 485 3002 P.
511 2937 820 3005 HIERONYMUS
843 2937 1009 3004 NADAL
1110 2995 1113 3002 .

379 3049 534 3105 PATRI
562 3048 869 3108 'thURENTIO
900 3048 1066 3108 MAGIO

472 3161 612 3218 ennena,
626 3149 851 3206 8sseranan1s
865 3148 933 3217 1566
947 3151 966 3206 ¹.

138 3237 243 3299 litterae
254 3247 401 3316 patrata,
414 3245 521 3317 quibus
530 3245 672 3319 facultas
683 3251 854 3302 contractus
866 3247 994 3302 ineundi
1002 3245 1190 3318 provinciali
1204 3215 1333 3316 aliisque

480 3335 518 3390 ab
530 3336 596 3406 ipso
608 3335 755 3409 delegatis
764 3335 951 3390 conceditur.

182 3448 267 3532 Jhus.
281 3452 411 3517 Doctor
423 3451 655 3538 Hieronymus
666 3451 809 3532 Natalis,
819 3449 1102 3538 SocietatisJesu,
1113 3472 1173 3536 per
1185 3460 1332 3535 quatuor

138 3559 282 3649 Vtriusque
297 3563 503 3636 'Germaniae
518 3567 712 3654 prouincias
733 3566 899 3650 visitator,
916 3565 1114 3632 charissimo
1134 3565 1169 3631 in
1193 3564 1333 3632 Christo

138 3672 212 3742 tratri
227 3680 352 3748 doctori
373 3681 559 3750 Laurentio
580 3682 741 3770 MaggiO,
761 3693 898 3749 nostrae
918 3680 1099 3750 Societatis
1119 3680 1154 3746 in
1175 3680 1328 3763 Austria,

139 3787 281 3877 Bohemia,
298 3798 452 3884 Ungaria
467 3807 503 3865 et
519 3798 661 3865 Polonia
680 3791 899 3885 prouinciali,
917 3798 1063 3866 salutem
1079 3796 1114 3863 in
1130 3818 1184 3877 eo,
1202 3796 1260 3882 qui
1276 3807 1330 3865 est

138 3921 201 3972 uera
212 3911 303 3979 salus.
315 3915 433 3999 Quum
450 3934 505 3980 res
518 3913 644 3980 multae
656 3912 856 4000 contingere
868 3912 999 3999 possint
1014 3911 1049 3978 in
1067 3922 1126 3978 tua
1137 3909 1325 3997 prouincia,

136 4013 278 4104 issquibus
292 4028 453 4114 gerendis
468 4038 572 4114 atque
588 4027 862 4096 administrandis
877 4027 946 4094 sint
962 4037 1158 4094 contractus
1173 4025 1326 4112 legitime

138 4127 258 4222 ineundi,
269 4164 310 4210 ne
320 4143 357 4211 in
368 4147 433 4210 hac
446 4154 541 4229 parte
558 4143 618 4210 tibi
634 4143 721 4212 desit
736 4167 777 4212 ea
793 4145 948 4223 facultas,
964 4163 1052 4228 quae
1064 4141 1255 4210 necessaria
1266 4140 1322 4223 sit,

137 4246 179 4309 uel
191 4251 270 4322 utilis
284 4258 396 4326 futura
411 4258 455 4326 ad
476 4268 569 4326 recte
587 4269 623 4326 et
643 4259 762 4327 ordine
778 4270 872 4326 tuam
893 4257 1105 4345 prouinciam
1126 4257 1325 4344 gubernan-

139 4355 210 4444 dan,
229 4372 492 4460 quandoquidem
513 4375 556 4442 de
576 4385 635 4441 tua
654 4375 841 4462 probitate,
859 4372 1031 4454 doctrina,
1050 4394 1163 4442 rerum
1184 4393 1266 4454 usu,
1288 4382 1325 4440 et

140 4467 429 4613 Euchetypo,
441 4550 458 4588 a
471 4533 589 4589 librario
606 4543 738 4606 exarato,
756 4541 786 4590 et
801 4533 914 4590 Natalis
933 4550 1020 4588 manu
1037 4530 1213 4603 subscripto,
1228 4531 1259 4586 in
1275 4546 1325 4585 co·

141 4599 199 4679 dte,
208 4613 248 4670 cui
258 4618 364 4679 titulus:
382 4622 514 4679 Litterae
522 4626 659 4696 patentes
670 4637 745 4692 1545
756 4651 768 4665 ·
780 4637 834 4695 99,
847 4621 956 4695 duplici
968 4620 1032 4694 tol,
1052 4621 1098 4691 64.
