3322 5370
558 544 589 587 11
610 532 727 588 Menan
748 533 817 602 1567
1210 547 1264 606 405

86 681 179 747 harto
192 681 328 768 peligro.
347 683 406 749 Ho
421 683 542 751 scritto
563 683 679 752 subito
701 685 734 750 al
756 687 797 752 P.
821 684 978 766 Costero,
1000 685 1298 771 viceprouinciale,

85 797 239 863 chevoda
252 797 286 863 di
303 797 464 867 ordinare
475 801 539 866 che
554 799 644 866 colui
661 821 731 868 non
746 799 775 866 si
791 809 898 869 metta
913 799 948 866 in
965 809 1061 866 tanto
1077 799 1221 887 peligro;
1235 801 1301 867 im-

90 913 221 996 peroche
231 911 290 993 lui,
304 934 403 981 come
415 913 450 980 di
461 913 521 1001 piri
537 935 688 1000 apresso,
702 914 824 1001 puotra
837 914 964 1002 meglio
978 915 1094 984 ueder'
1109 916 1223 1002 quello
1236 917 1301 984 che

91 1024 142 1111 piri
157 1028 327 1095 conuerra.

148 1159 179 1206 2.
221 1143 428 1212 Giri‘hauerai
455 1155 585 1232 saputo.
599 1145 633 1210 la
654 1147 693 1212 P.
719 1146 762 1212 V.
793 1145 908 1231 quello
935 1147 999 1213 che
1026 1144 1049 1211 il
1077 1146 1117 1211 P.
1148 1145 1302 1213 Antonio

89 1255 204 1322 Winch
222 1261 229 1291 ¹
245 1261 290 1325 ha
305 1261 391 1326 fatto
407 1259 443 1325 in
459 1260 569 1346 Spira;
586 1282 607 1326 a
623 1282 679 1328 me
694 1259 740 1326 mi
755 1282 836 1347 pare
852 1262 901 1347 (se
916 1261 949 1326 la
966 1262 1007 1328 P.
1026 1261 1070 1327 V.
1096 1261 1199 1329 uuole
1219 1282 1300 1329 sen-

90 1369 144 1437 tire
158 1380 174 1413 ·
190 1372 289 1440 ilmio
312 1373 473 1461 giudicio)
495 1376 560 1442 che
579 1397 640 1461 per
659 1375 780 1442 adesso
800 1397 871 1442 non
891 1375 920 1442 si
936 1377 980 1443 ha
1001 1398 1021 1442 a
1043 1376 1237 1458 emendare,
1256 1377 1300 1442 nb

89 1488 150 1553 fare
163 1488 242 1556 altra
258 1511 340 1558 cosa
359 1511 425 1557 con
441 1489 489 1576 gli
516 1489 672 1576 spirensi.
703 1490 781 1558 Co’l
805 1500 921 1577 tempo
946 1511 1046 1576 spero
1073 1493 1138 1557 che
1164 1499 1254 1558 tutte
1266 1489 1299 1558 le

86 1621 158 1669 cose
170 1603 198 1668 si
211 1615 380 1689 puotrano
395 1607 501 1672 molto
516 1605 671 1692 giouare,
690 1615 725 1672 et
740 1605 973 1690 augmentarsi
989 1604 1013 1671 il
1028 1604 1174 1692 collegio
1189 1626 1254 1673 con
1267 1606 1300 1672 la

88 1716 252 1800 gratiane]
268 1719 430 1806 Signore,
454 1731 488 1786 et
505 1720 577 1786 cosi
592 1719 638 1786 mi
658 1741 739 1806 pare
765 1720 878 1786 chela
895 1722 935 1787 Ρ.
965 1721 1009 1788 V.
1028 1721 1062 1787 lo
1089 1721 1158 1807 pud
1173 1721 1299 1787 confir·
1415 1795 1419 1805 Δ

91 1851 182 1913 mare,
199 1837 322 1920 perche
338 1834 573 1902 confidendosi
589 1835 623 1902 di
640 1845 760 1920 questo
776 1835 805 1902 si
820 1856 905 1902 sono
922 1833 1063 1920 obligati
1079 1835 1105 1902 ¹.

148 1969 176 2032 3.
223 1948 325 2017 Circa
340 1951 454 2035 quello
469 1953 524 2016 eh’
547 1949 580 2018 io
600 1949 758 2018 scriueua
781 1949 1015 2017 ultimamente
1033 1950 1099 2016 alla
1116 1951 1156 2016 P.
1176 1951 1220 2017 V.
1244 1951 1299 2019 del

92 2063 222 2151 collegio
237 2064 271 2130 di
288 2064 435 2149 Treuiri,
450 2069 495 2131 m’
513 2067 557 2132 ha
573 2065 692 2133 scritto
707 2065 731 2132 il
748 2069 788 2134 P.
807 2064 974 2146 Antonio,
992 2067 1056 2133 che
1072 2066 1104 2134 la
1119 2064 1299 2150 questione

93 2199 148 2244 non
162 2182 233 2247 ede
249 2182 323 2249 Sta.
344 2183 508 2262 Barbara,
525 2203 581 2248 ma
596 2183 630 2246 d'
647 2179 724 2247 altri
741 2180 833 2246 feudi
849 2181 905 2247 del
920 2179 1105 2249 medesimo
1126 2191 1299 2247 monaste-

92 2293 140 2362 rio.
156 2297 188 2362 A
202 2319 256 2364 me
272 2295 319 2361 rni
331 2296 406 2365 dise
421 2296 444 2361 il
460 2295 656 2377 redituario,
674 2298 739 2366 che
754 2319 813 2365 era
828 2317 929 2381 sopra
944 2296 1016 2364 Sta.
1033 2295 1194 2362 Barbara.
1210 2296 1298 2362 Tut-

92 2407 177 2490 tavia,
186 2433 223 2480 se
234 2411 263 2477 si
275 2432 392 2498 puono
404 2413 531 2479 hauere
542 2412 663 2480 lettere
675 2409 915 2478 comendatitie
923 2431 984 2496 per
994 2410 1028 2476 la
1039 2419 1134 2478 corte
1140 2410 1184 2476 de
1192 2411 1299 2476 Brus·

91 2525 170 2606 selle,
186 2525 214 2592 si
229 2521 353 2613 puotr'a
374 2526 446 2594 dire
462 2528 501 2592 in
524 2547 655 2614 genere
681 2526 716 2592 di
735 2537 829 2594 certe
855 2547 935 2592 cose
961 2525 1017 2593 del
1037 2523 1244 2592 monasterio
1257 2525 1299 2592 de

93 2637 153 2706 Sta.
170 2643 331 2709 Barbara.

145 2775 175 2836 4.
221 2759 256 2824 Io
272 2765 327 2824 sto
343 2757 433 2826 nella
461 2754 562 2822 visita
580 2756 624 2823 de
650 2767 772 2842 questo
799 2755 958 2842 collegi0,
976 2767 1012 2823 et
1025 2765 1123 2821 trouo
1139 2757 1204 2822 che
1215 2775 1300 2822 sono

94 2871 166 2936 assai
180 2873 315 2959 grauati
331 2873 410 2940 nell'
425 2871 595 2953 instituto,
613 2893 674 2957 per
693 2883 795 2938 conto
815 2871 905 2937 della
919 2869 1119 2940 vniuersita.
1146 2871 1190 2936 Et
1204 2879 1300 2938 certo

94 2983 226 3055 lihanno
243 2997 384 3054 trattato
400 2988 505 3054 molto
521 2988 608 3055 male
628 2987 728 3072 peril
746 2997 896 3072 passat0,
918 2995 953 3052 et
973 2998 1073 3052 stano
1094 3006 1218 3053 ancora
1238 2994 1302 3051 an·

94 3101 207 3182 gariati:
224 3125 295 3170 non
311 3124 426 3190 puono
443 3105 583 3190 leggere
599 3101 843 3188 metaphysica,
862 3103 905 3169 ne
917 3101 1040 3182 ethica,
1055 3102 1098 3167 ne
1111 3103 1299 3168 mathema·

95 3213 158 3282 tica.
173 3219 227 3285 Gli
243 3223 361 3285 hanno
379 3221 528 3284 sforzato
548 3241 568 3284 a
585 3217 725 3285 lasciare
746 3218 768 3281 l’
788 3215 907 3283 ultima
923 3217 1050 3282 schola:
1070 3227 1104 3284 et
1124 3216 1301 3301 pensando

93 3331 145 3396 che
158 3335 313 3402 hauendo
329 3332 515 3399 conuittori
528 3331 752 3419 guadagnino
775 3353 840 3398 con
857 3329 972 3416 quelli,
995 3332 1111 3396 hanno
1132 3351 1299 3417 augmen-

96 3453 152 3512 tato
163 3470 206 3516 vn
221 3461 316 3516 terzo
332 3447 390 3534 pih
407 3448 430 3513 li
446 3447 586 3514 citadini
601 3448 624 3514 l'
641 3447 750 3513 affitto
767 3447 856 3514 della
869 3448 984 3511 bursa.
1003 3444 1061 3512 Gli
1082 3446 1198 3511 hanno
1216 3445 1300 3511 fatto

97 3569 285 3645 prometter’‚
303 3575 339 3631 et
354 3562 513 3631 etiamdio
534 3561 683 3648 giurare,
701 3565 766 3628 che
781 3560 969 3648 piglierano
985 3560 1065 3627 dalli
1079 3558 1224 3627 scholari
1240 3561 1302 3625 da-

98 3677 162 3743 nari
178 3681 218 3746 Et
234 3701 321 3747 sono
337 3680 422 3748 altre
433 3699 523 3759 cose,
538 3679 582 3744 de
597 3677 688 3762 quali
703 3677 785 3744 dard
798 3676 963 3763 raggione
977 3674 1014 3742 in
1026 3673 1227 3761 particolare
1238 3674 1304 3740 alla

100 3790 130 3855 P.
147 3795 185 3861 V.
207 3797 296 3863 nella
315 3796 438 3864 lettera
458 3795 547 3862 della
567 3792 679 3860 visita.
704 3793 837 3878 Questo
853 3792 966 3858 scriuo
986 3791 1121 3870 adesso,
1140 3811 1209 3855 non
1229 3789 1303 3857 acio

98 3905 120 3968 si
132 3907 213 3977 dichi
229 3911 345 3980 niente
360 3922 479 3978 contro
493 3933 512 3976 a
527 3909 652 3997 questi,
671 3910 797 3995 perche
813 3908 835 3972 l’
858 3905 1058 3988 uniuersita,
1081 3906 1233 3974 secondo
1248 3904 1303 3971 in-

100 4025 195 4107 tendo,
213 4048 281 4093 non
298 4026 468 4094 uorrebbe
485 4028 612 4092 hauere
628 4046 693 4110 qua
710 4024 743 4090 la
764 4021 989 4108 Compagnia,
1008 4021 1057 4108 gli
1079 4019 1218 4087 citadini
1234 4041 1304 4086 non

99 4133 324 4223 hintendono,
341 4150 389 4222 ct,
419 4139 560 4210 comesi
587 4160 706 4226 pensa,
725 4161 794 4205 non
811 4136 839 4205 si
867 4137 1114 4218 curarebbono;
1133 4145 1168 4202 et
1191 4141 1305 4202 mmen

100 4269 145 4333 per
158 4257 263 4342 gratia
289 4258 344 4324 del
360 4257 509 4343 Signore
533 4255 612 4322 sisa
629 4277 676 4322 un
702 4276 791 4342 gran
807 4254 924 4335 frutto,
943 4261 977 4321 et
998 4253 1087 4322 nelle
1107 4271 1189 4318 cose
1206 4249 1307 4338 spiri-

100 4371 287 4389 κ--ι

139 4431 153 4464 ⁸
176 4423 240 4480 Hoc
252 4425 338 4481 verb.
356 4441 444 4498 supra
457 4440 539 4479 vers.
555 4421 668 4478 addidit
681 4421 751 4479 libr.

100 4513 288 4535 “Q——

143 4560 150 4590 ¹
181 4559 351 4616 Provinciae
363 4560 512 4615 rhenanae
527 4557 724 4630 praepositus.

105 4647 256 4793 Xixffide
268 4650 359 4722 epist.
377 4661 441 4720 459,
455 4666 488 4704 n.
512 4660 537 4716 1;
555 4647 621 4718 465,
638 4664 689 4703 nn.
708 4645 725 4702 3
742 4655 774 4703 et
791 4647 820 4715 o;
840 4653 871 4702 et
887 4643 1017 4718 append.
1041 4643 1094 4712 VI,
1108 4642 1176 4708 v11,
1194 4640 1260 4714 XX,
1279 4648 1311 4697 et
