3384 5382
387 477 442 532 ooo
777 479 884 534 Eersr.
903 477 938 534 P.
958 468 1185 548 Nicen-522„

333 705 336 712 ,
355 629 471 715 voglio
487 630 620 715 parlare
636 651 704 698 vna
719 630 814 698 volta
829 631 860 698 al
877 629 923 697 D.
941 630 1117 700 Gensenio
1136 641 1152 676 ⁸
1178 633 1200 710 ¹,
1223 632 1289 699 che
1308 633 1329 698 ὁ
1349 630 1372 695 11
1393 629 1455 716 piir
1478 629 1582 712 facile,

354 765 415 830 per
431 745 556 814 vedere
571 765 610 814 se
625 745 654 811 si
670 749 739 832 pub
761 757 898 812 trouare
914 747 1060 830 qualche
1075 747 1178 813 modo
1197 746 1232 812 di
1252 745 1452 832 stamparlo.
1476 745 1503 810 Il
1523 746 1584 814 che
1643 768 1646 777 ·

356 880 427 926 non
442 881 544 945 spero
558 862 627 928 che
643 861 813 947 possiamo
829 861 1023 946 impetrare,
1036 883 1141 928 senza
1151 870 1285 930 mutare
1296 861 1415 941 molto,
1428 873 1467 927 et
1478 883 1499 927 a
1509 861 1582 948 giu·

356 973 446 1042 dicio
462 975 546 1042 loro.
567 977 611 1042 Et
626 985 749 1060 questo
765 997 836 1044 non
853 975 926 1043 faro
942 975 988 1056 io,
1012 975 1126 1044 insino
1147 998 1168 1042 a
1188 979 1255 1045 che
1275 977 1308 1044 la
1330 979 1370 1044 P.
1395 977 1443 1042 V.
1466 974 1514 1040 mi
1532 975 1583 1044 dia

356 1090 477 1158 ordine
492 1111 530 1158 se
545 1089 575 1156 si
590 1090 693 1157 debbi
708 1092 792 1171 fare,
810 1091 840 1158 si
854 1111 961 1158 come·
970 1111 1031 1177 per
1051 1094 1109 1158 vn'
1127 1093 1213 1158 altre
1227 1093 1274 1159 ho
1289 1090 1423 1173 scritt03
1442 1089 1585 1175 impero

357 1207 423 1272 che
439 1227 500 1292 per
515 1214 637 1290 questa
651 1207 717 1272 che
733 1205 854 1274 adesso
868 1205 915 1272 mi
931 1205 1056 1286 seriue,
1074 1226 1145 1272 non
1166 1206 1276 1274 veddo
1297 1208 1353 1272 ch'
1377 1205 1414 1271 io
1436 1206 1473 1272 lo
1499 1203 1584 1289 possi

361 1320 444 1400 fare,
461 1322 506 1388 ne
522 1340 644 1388 manco
660 1341 720 1406 per
735 1319 849 1405 quella
864 1321 918 1388 del
935 1322 979 1387 D.
998 1321 1135 1388 Torres.
1154 1322 1191 1388 10
1207 1321 1251 1388 da
1266 1343 1321 1388 me
1337 1320 1383 1386 mi
1403 1317 1585 1386 confidarei

361 1433 397 1502 in
419 1434 533 1520 quello
556 1437 623 1502 che
645 1435 750 1520 quelli
775 1433 877 1502 Padri
897 1435 932 1501 di
952 1437 1061 1503 Roma
1083 1415 1205 1514 'hanno
1232 1435 1422 1523 giudicato,
1448 1432 1581 1520 special·

363 1559 477 1616 mente
501 1551 675 1616 accedente
695 1550 822 1616 iudicio
849 1551 890 1616 P.
927 1551 979 1631 V.,
1005 1559 1040 1618 et
1067 1571 1136 1617 non
1160 1550 1270 1619 vorrei
1293 1552 1412 1617 hauer'
1439 1547 1583 1636 giudicio

364 1663 464 1730 miob
485 1662 621 1731 nisuno.
640 1665 719 1732 Non
740 1664 958 1732 succedendo
978 1674 1114 1749 questo,
1137 1685 1235 1732 come
1255 1665 1359 1732 credo
1379 1687 1453 1731 non
1469 1683 1582 1730 succe-

365 1779 458 1858 derh,
477 1791 569 1848 resta
584 1782 650 1846 che
665 1780 698 1846 la
715 1783 755 1848 P.
774 1781 819 1847 V.
837 1778 950 1848 scriua
966 1781 998 1847 ei
1015 1782 1056 1848 P.
1079 1777 1219 1848 Canisio
1239 1781 1264 1859 ²,
1282 1801 1304 1846 o
1325 1781 1358 1847 ai
1371 1781 1412 1846 Ρ.
1440 1775 1583 1852 Antonio

365 1894 479 1961 Vinch
496 1897 522 1978 ⁸,
539 1894 635 1963 accio
650 1896 683 1962 lo
700 1894 832 1962 saccino
847 1905 1017 1981 stampare
1032 1894 1068 1962 in
1084 1917 1150 1961 vna
1166 1895 1201 1961 di
1217 1895 1328 1980 quelle
1344 1890 1531 1984 prouincie.
1546 1894 1583 1958 Et

367 2021 489 2095 questo
505 2011 524 2076 ὲ
540 2009 598 2096 pih
615 2019 710 2078 certo
725 2019 760 2076 et
775 2009 834 2095 piri
852 2009 961 2090 facile,
980 2020 1100 2078 etnon
1120 2008 1239 2079 dubito
1262 2011 1326 2075 che
1349 2009 1378 2077 si
1406 2008 1498 2095 possi
1521 2008 1583 2072 iare

368 2125 485 2191 auanti
500 2126 533 2190 la
551 2124 634 2194 feria
649 2124 684 2192 di
700 2125 905 2205 Settembre,
925 2126 1070 2194 iacendo
1087 2127 1131 2193 V.
1151 2127 1190 2192 Ρ.
1206 2126 1276 2204 ‚che
1296 2123 1326 2192 si
1345 2123 1461 2192 scriua
1482 2145 1503 2189 a
1520 2123 1585 2186 loro
1673 2162 1674 2190 r

367 2260 434 2306 con
450 2238 641 2326 diligentia,
659 2250 694 2306 et
710 2239 948 2326 ordinandogli
963 2242 1028 2307 che
1042 2239 1077 2306 lo
1098 2238 1242 2306 saccino:
1265 2241 1396 2325 alioqui
1418 2238 1535 2306 dubito
1553 2258 1584 2302 se
1674 2301 1675 2306 ,

366 2355 401 2420 10
418 2338 574 2422 farannO.

414 2471 475 2536 «6.
515 2467 583 2536 Gih
599 2471 645 2535 ho
660 2467 780 2534 scritto
795 2469 861 2534 alla
877 2470 918 2535 P.
937 2470 981 2536 V.
1000 2469 1059 2535 ch'
1075 2467 1108 2534 io
1124 2469 1261 2536 haueuo
1275 2466 1407 2536 renisto
1422 2466 1472 2554 gli
1490 2467 1582 2532 scho·
1676 2503 1677 2506 =

366 2583 402 2650 lii
418 2596 453 2652 et
469 2583 568 2663 anisi,
587 2582 611 2648 li
626 2582 718 2667 queii
734 2581 763 2648 si
778 2605 893 2650 vanno
913 2582 1082 2668 copinndo
1102 2584 1128 2649 ⁴.
1152 2565 1180 2650 E
1201 2583 1298 2650 finita
1320 2581 1355 2650 di
1378 2579 1536 2650 scriuersi
1556 2581 1582 2644 la
1677 2565 1678 2600 ¹

346 2741 349 2750 ·
368 2700 469 2766 meti.
489 2697 592 2764 Finiti
608 2700 672 2764 che
688 2718 848 2777 sarann0,
867 2709 902 2765 et
916 2696 1138 2777 collationati,
1156 2718 1222 2764 eon
1234 2697 1268 2764 la
1279 2697 1389 2783 gratia
1400 2698 1458 2766 del
1469 2694 1581 2780 Signo-

330 2816 332 2825 '
366 2833 417 2892 re,
436 2812 459 2877 li
476 2813 639 2880 mandato
655 2833 716 2898 per
731 2811 755 2880 il
770 2823 1006 2898 procuratore3
1030 2810 1148 2898 perch’
1165 2812 1198 2878 io
1217 2833 1287 2878 non
1308 2813 1355 2880 ho
1375 2831 1536 2898 speranza
1552 2807 1582 2872 di

366 2931 503 3014 puoter'
521 2926 660 2994 visitare
676 2926 709 2994 le
724 2929 791 2994 due
802 2926 982 3013 prouincie
993 2925 1028 2992 di
1042 2925 1200 3008 Francia3
1214 2949 1252 2996 se
1264 2928 1331 2994 ben
1343 2926 1465 3013 partisi
1475 2934 1584 3012 quoeto

367 3063 473 3121 mese,
491 3053 526 3108 et
542 3043 661 3108 andar’
679 3041 715 3108 in
732 3043 840 3110 Roma
856 3041 957 3128 peril
974 3050 1087 3127 tempo
1102 3041 1191 3110 della
1207 3042 1489 3128 congregatione.
1509 3040 1584 3106 Tut-

368 3157 460 3224 tavia
475 3179 513 3226 se
528 3169 646 3244 presto
661 3157 690 3224 si
707 3163 776 3243 puh
792 3157 920 3226 intrare
936 3157 971 3224 in
988 3157 1069 3241 quei
1085 3178 1206 3244 regno,
1225 3155 1271 3223 mi
1288 3160 1440 3226 sforzaro
1463 3181 1483 3225 a
1503 3174 1585 3221 com·

368 3271 442 3358 pire
459 3284 593 3357 questo,
612 3283 742 3358 quanto
761 3272 809 3338 mi
829 3273 907 3340 sarh
930 3272 1102 3358 possibile.
1131 3275 1198 3340 Per
1222 3271 1366 3360 picciolo
1389 3274 1458 3341 che
1481 3271 1528 3341 sia
1547 3289 1585 3331 vn

370 3387 530 3474 collegio
545 3409 613 3456 non
627 3387 672 3452 mi
685 3387 796 3473 soglio
809 3397 998 3456 trattenere
1010 3407 1131 3454 manco
1143 3389 1185 3455 de
1197 3387 1287 3456 dieci
1299 3387 1412 3473 giomi
1424 3387 1458 3454 in
1473 3383 1583 3472 quello.

370 3503 460 3572 Nelli
477 3502 645 3589 maggiori
661 3503 737 3570 sarci
754 3501 950 3572 necessario
967 3501 1163 3585 trattenersi
1179 3501 1252 3590 piri,
1270 3514 1306 3572 et
1321 3511 1389 3570 cori
1410 3510 1529 3588 questo
1547 3499 1586 3564 ho

371 3616 517 3703 risposto
534 3640 554 3684 a
570 3617 683 3703 quella
698 3617 733 3683 di
751 3635 804 3700 27.
1214 3627 1218 3630 ’

440 3749 472 3814 7.
522 3731 570 3798 Mi
586 3732 615 3798 si
631 3731 790 3800 offerisce
806 3731 1056 3818 rappresentar'
1072 3734 1139 3800 alla
1156 3736 1196 3799 P.
1215 3734 1259 3800 V.
1278 3733 1346 3798 che
1357 3733 1500 3800 sarebbe
1510 3731 1586 3797 bene

373 3856 408 3914 et
424 3845 603 3932 seruiggio
619 3845 654 3912 di
670 3848 714 3933 N.
734 3847 772 3915 S.
790 3867 979 3932 procurare
994 3848 1142 3931 qualche
1156 3849 1273 3916 buona
1287 3849 1407 3916 lettera
1419 3847 1474 3916 del
1489 3869 1525 3914 re
1536 3863 1585 3908 cn·

375 3961 506 4028 tholioo
533 3983 596 4049 per
617 3961 642 4027 il
662 3963 753 4036 duca
774 3963 808 4028 d’
832 3962 936 4042 Aina,
959 3962 993 4028 in
1014 3971 1028 4006 ⁶
1049 3962 1369 4030 raccomandatione
1388 3962 1477 4030 della
1495 3961 1586 4028 eom·

427 4177 443 4207 Ι
472 4165 530 4236 Sic,
544 4182 596 4236 pro
603 4165 818 4238 jansenio-b
828 4165 893 4220 Hoc
904 4167 987 4221 verb.
999 4183 1087 4240 supra
1097 4184 1175 4222 vers.
1186 4165 1299 4222 addidit
1311 4165 1429 4222 libe-e
1442 4165 1507 4220 Hoc
1516 4161 1585 4218 verb.

373 4269 461 4325 supra
479 4271 556 4308 vers.
574 4253 687 4310 eddidit
701 4255 768 4310 libr.

376 4361 575 4371 ——-..-.-

427 4406 434 4436 ¹
473 4405 629 4461 Cornelius
657 4405 811 4476 Jensenius
833 4407 996 4476 (Jensens),
1015 4409 1173 4482 iheoiogus
1194 4405 1396 4463 universitatis
1414 4399 1589 4464 lovaniensis.

367 4493 469 4547 senior
480 4493 587 4548 dictus.
603 4493 648 4550 Cf.
666 4494 763 4564 Epist.
778 4494 895 4559 Natat„
910 4495 947 4562 11,
964 4495 1030 4565 2623
1046 4504 1077 4551 et
1090 4497 1236 4562 HURTRR,
1250 4495 1305 4552 loc.
1321 4493 1385 4563 cit„
1399 4495 1427 4562 1,
1437 4492 1527 4561 23-25.

425 4581 436 4615 ²
473 4584 507 4636 B.
522 4581 628 4638 Petrus
641 4581 791 4651 Cenisius,
804 4583 994 4654 provincialis
1007 4583 1185 4642 Germaniae
1198 4581 1368 4656 superioris.

425 4671 436 4702 ³
473 4669 647 4726 Provinciae
659 4671 756 4728 Rheni
769 4673 965 4745 praepositus.
1158 4676 1170 4710 ⁴
1207 4671 1283 4730 Vide
1296 4671 1386 4745 epist.
1398 4669 1462 4743 518,
1474 4687 1503 4728 n.
1517 4683 1542 4738 4·
