3414 5374
360 463 363 470 '
420 473 477 536 6⁶8
805 473 910 530 Eusu.
931 471 965 530 Ρ.
985 471 1189 541 Nunti-557

387 625 525 694 uincinl.
544 623 571 692 F
573 647 593 690 a
609 634 742 710 tropp0‚
761 645 821 711 per
836 625 869 692 la
888 645 951 694 sua
971 623 1077 692 cariti
1091 625 1114 690 ¹.
1139 624 1218 696 Vixi
1240 629 1272 694 ct
1289 624 1368 690 uiuo
1389 621 1555 692 hilariter
1569 624 1605 689 in

388 741 539 810 Domino
554 739 813 808 campaninus
829 739 1060 830 cisrairibus.
1080 739 1128 808 Mi
1142 749 1242 809 sento
1264 739 1400 826 miglior
1414 741 1474 808 del
1495 749 1603 806 mnr-

388 877 440 923 ru.
458 855 566 942 Spero
580 857 645 921 che
658 853 707 920 ²ll'
725 876 783 924 aer
797 853 845 922 mi
859 853 935 924 scri
950 853 1106 942 propitio.
1125 853 1153 924 11
1167 853 1233 924 situ
1247 853 1335 922 della
1350 854 1468 924 termb
1482 853 1504 922 d
1520 851 1601 930 moi·

389 981 426 1038 to
441 971 543 1038 buno.

457 1104 488 1169 3.
535 1083 666 1154 Salutai
682 1086 714 1152 ln
729 1083 848 1170 regina
859 1085 1063 1172 Magdalena
1074 1085 1118 1152 da
1129 1093 1227 1172 parte
1237 1082 1272 1150 di
1284 1085 1327 1152 V.
1343 1085 1383 1150 P.
1399 1093 1434 1153 et
1445 1083 1498 1171 gli
1508 1081 1598 1152 offen

388 1202 423 1267 la
438 1199 547 1288 pietra
562 1200 597 1266 di
611 1201 760 1268 baassar.
778 1201 832 1268 De
851 1209 941 1270 tutto
960 1198 990 1266 si
1009 1200 1157 1287 rallagrd
1176 1200 1293 1282 molto,
1316 1210 1351 1268 et
1370 1203 1501 1266 mostrd
1522 1217 1602 1266 ouu-

389 1315 532 1384 tennrsi
546 1315 651 1382 molto
666 1315 722 1383 del
736 1314 910 1395 donatiuo,
929 1313 1075 1384 dicendo
1091 1317 1158 1384 che
1172 1314 1196 1380 it
1211 1315 1411 1401 emperador
1425 1333 1493 1382 suo
1503 1315 1601 1400 padm

389 1449 435 1496 ne
456 1429 571 1497 soleua
590 1430 652 1496 dar
671 1439 719 1496 ca
738 1429 789 1496 soi
808 1428 940 1516 figlioli,
962 1451 1018 1498 ma
1037 1450 1136 1518 poca,
1154 1440 1189 1498 et
1208 1433 1273 1498 che
1288 1429 1400 1514 quella
1420 1429 1530 1516 pietn
1549 1450 1600 1496 em

390 1545 535 1631 grande.
554 1544 643 1612 Viue
662 1545 737 1611 sinc
758 1546 839 1612 aula
859 1565 935 1612 cum
951 1546 1025 1612 cuin
1045 1545 1257 1634 uirginibus.
1278 1527 1307 1612 1¹3
1327 1566 1393 1612 vna
1415 1543 1550 1632 grande
1569 1553 1599 1610 et

390 1675 490 1731 santa
505 1660 659 1747 vergine.
677 1660 744 1728 Gii
759 1663 804 1728 ho
818 1671 940 1748 troppo
956 1659 1100 1748 fatigato
1115 1661 1182 1728 alla
1197 1664 1238 1728 Ρ.
1256 1661 1300 1729 V.
1318 1681 1383 1726 con
1398 1659 1421 1725 il
1439 1660 1507 1726 mal
1521 1657 1599 1726 scri·

388 1797 453 1844 -uur
468 1773 546 1843 mio.
565 1774 716 1844 Scriuiru
731 1775 850 1863 alguni
866 1775 1056 1862 particulari
1071 1776 1104 1842 al
1120 1777 1160 1843 P.
1179 1775 1343 1844 Ximenez
1362 1795 1426 1842 con
1448 1775 1482 1840 la
1498 1771 1598 1860 gratia

390 1891 448 1958 dcl
462 1889 600 1978 Signor.
620 1893 663 1958 V.
684 1893 723 1958 P.
741 1911 812 1958 non
827 1890 910 1958 lasci
925 1912 985 1978 per
1003 1892 1026 1957 l’
1042 1913 1137 1958 amor
1152 1891 1208 1958 del
1228 1889 1356 1977 Signor
1374 1887 1552 1956 ricordarsi
1566 1886 1596 1952 di

387 2027 456 2086 me,
478 2016 668 2092 poueretm,
690 2006 729 2071 in
748 2007 909 2072 Domino.
931 2005 1003 2073 Alli
1024 2005 1168 2072 orationi
1187 2016 1223 2074 et
1237 2003 1392 2072 sactificii
1406 2002 1488 2072 delli
1504 2001 1595 2072 Padri

391 2119 563 2188 assistenti
583 2121 630 2187 mi
649 2119 844 2188 ricomando
864 2121 921 2190 nel
942 2119 1080 2207 Signor.
1098 2121 1269 2188 Dominus
1289 2121 1334 2186 sit
1352 2119 1537 2186 nobiccum.
1556 2116 1595 2184 Di

390 2235 492 2316 Hala,
511 2253 551 2300 22
568 2233 602 2300 di
622 2234 719 2301 Iunio
739 2249 834 2319 1574.
852 2237 896 2303 D.
916 2237 955 2304 P.
972 2237 1015 2304 V.
1033 2256 1134 2304 seruo
1149 2235 1184 2301 in
1199 2234 1276 2319 X.⁰,

1196 2357 1382 2536 iNujsu·
1407 2359 1430 2447 †

454 2578 577 2648 Subito
601 2579 644 2646 da
659 2580 778 2666 Ispruc
793 2580 896 2648 scriui
915 2582 948 2650 al
962 2581 1075 2649 Padre
1093 2579 1280 2669 prouincial
1294 2583 1379 2648 altre
1394 2601 1477 2648 cose
1491 2589 1525 2646 et
1538 2579 1594 2644 che

389 2715 461 2761 non
476 2694 600 2760 veniun
615 2716 675 2780 per
691 2694 835 2782 negocio
849 2697 984 2778 alcunn,
1002 2717 1111 2764 senon
1125 2717 1260 2783 persua
1274 2697 1456 2783 pecorella.
1471 2696 1544 2762 Nou
1553 2694 1592 2758 ho

389 2808 546 2895 risposta.

458 2925 640 3014 Inscriptio
656 2927 694 2990 in
706 2931 831 3011 quarta
841 2928 988 3014 pagina,
1000 2927 1072 2994 ulia
1083 2948 1206 2994 manu:
1220 2924 1243 3016 †
1258 2926 1456 2994 Admodum
1469 2924 1548 2992 Rdn.
1560 2919 1591 2984 in

387 3037 531 3106 Christo
543 3038 637 3105 Patri
653 3050 770 3106 nostro
785 3041 982 3108 Euerhardo
995 3040 1220 3122 Mercun'ano,
1235 3039 1418 3111 Societatis
1427 3043 1510 3130 Jesu
1524 3058 1591 3123 pre*

389 3149 504 3240 posito
519 3150 681 3239 generali.
700 3155 841 3222 Romae.
863 3155 945 3222 Alia
961 3176 1090 3221 manu:
1111 3155 1152 3222 P.
1177 3156 1309 3224 Natale.
1326 3156 1423 3222 Alia:
1439 3154 1481 3222 R.
1507 3167 1591 3236 1574.

387 3268 490 3334 Hala.
511 3271 551 3335 P.
572 3268 705 3336 Natale.
724 3287 766 3336 22
783 3268 817 3336 di
832 3269 986 3356 Giugn0.
1004 3270 1123 3358 Sigilli
1138 3271 1332 3358 uestigium.

393 3387 589 3400 ..n-flu———m

443 3447 460 3480 ι
488 3433 553 3492 Hoc
566 3437 649 3492 verb.
664 3451 752 3509 supra
769 3451 850 3492 ven.
868 3434 979 3492 uddidit
997 3435 1095 3490 N.-·b
1106 3436 1188 3510 Aut„
1203 3441 1331 3492 cern-c
1347 3437 1412 3491 Hoc
1425 3435 1506 3491 verb.
1518 3445 1592 3504 nupn

390 3541 468 3580 vers.
483 3523 595 3580 addidit
607 3525 644 3580 N.

445 3677 452 3709 ¹
490 3673 566 3730 Vide
580 3675 708 3748 append.
725 3675 877 3748 LXXVII,
891 3683 922 3730 et
934 3692 1016 3749 seqq.
1034 3675 1234 3744 Mercuriauus
1245 3675 1372 3732 Mathine
1385 3673 1541 3740 Lacknero,
1552 3685 1588 3722 κ’

384 3761 461 3817 ctori
474 3763 587 3820 halensi
599 3767 682 3830 haec,
695 3763 744 3820 die
759 3777 790 3834 15
804 3765 875 3836 Julii
890 3775 967 3834 1574,
979 3763 1096 3836 scripsit
1108 3781 1160 3836 per
1169 3763 1358 3821 secretarium
1370 3780 1466 3820 suum:
1480 3761 1588 3818 «enm

388 3850 491 3906 habuit
503 3850 612 3924 duplici
624 3852 742 3910 nomine
755 3853 791 3908 R.
810 3853 843 3908 Ρ.
861 3852 1008 3924 generalis
1025 3851 1107 3908 Tuae
1118 3850 1314 3908 Reuerentine
1330 3853 1454 3924 littems,
1471 3847 1504 3906 23
1524 3843 1587 3918 lunii

385 3937 483 4010 datas,
500 3940 578 4012 quod
596 3957 632 3996 ex
650 3941 708 3997 illis
726 3941 881 4010 intellexit,
900 3949 962 3997 tum
978 3941 1164 3998 citatissimos
1180 3941 1283 3997 Patres
1299 3947 1415 3998 nostros
1435 3955 1469 3996 nc
1485 3937 1587 3994 Fratres

387 4026 473 4084 istius
485 4029 603 4100 collegii
616 4047 754 4102 prospera
765 4030 808 4086 uti
822 4027 1000 4101 ualetudine,
1014 4037 1076 4086 tum
1093 4029 1170 4102 quod
1184 4029 1220 4086 R.
1239 4029 1272 4084 P.
1291 4027 1404 4086 Natalis
1421 4031 1587 4086 senectutem

385 4115 537 4172 chuitatis
550 4117 654 4176 officiis
671 4119 822 4188 recreetis,
841 4127 872 4174 et
889 4117 952 4190 ipm
970 4135 1023 4174 uon
1041 4117 1171 4174 uicissim
1187 4125 1218 4174 et
1234 4117 1408 4176 remeatioui
1425 4124 1456 4174 et
1471 4112 1590 4172 aedifict-

388 4203 461 4260 tioni
473 4205 512 4261 nit
526 4205 555 4262 in
569 4207 747 4264 Domino...»
760 4209 806 4264 Ex
823 4207 965 4278 Regestm
981 4204 1052 4262 Cod.
1067 4205 1152 4280 331⁰),
1164 4205 1214 4264 iol.
1231 4203 1273 4264 13.
