3482 5386
713 499 880 558 Aorsuonr
1318 505 1369 562 821

151 644 308 746 veniet,
323 667 439 734 spero,
454 649 560 718 Pater
571 650 799 738 provincialis,
812 673 854 719 ac
866 653 1010 722 formasa
1022 654 1113 723 illius
1124 655 1293 726 desiderio
1303 655 1408 725 iaciat

151 743 269 816 satu,
306 746 345 804 ut
370 746 406 804 ot
434 737 636 825 sorianorem
663 750 699 808 et
725 739 917 808 studiorum
941 744 1076 812 socium
1106 755 1261 831 optatum
1284 767 1405 814 secam

155 821 320 982 lem
337 826 493 894 Eventus
505 827 644 895 docebit
658 849 702 895 an
719 828 845 916 frigora
860 832 1056 916 germanica
1070 832 1161 902 illitus
1177 833 1405 902 valemuinem

705 1086 885 1154 LXXXIV

592 1217 627 1270 Β.
640 1213 793 1274 PETRUS
812 1213 996 1276 callistus

456 1351 580 1400 raam
605 1353 828 1402 svsanuoo
852 1355 1130 1405 nuncomino

485 1464 692 1552 Oeniponte,
713 1483 726 1532 1
745 1466 955 1553 Septembris
976 1484 1061 1552 1574
1080 1471 1103 1537 ¹.

378 1585 425 1654 Da
435 1597 559 1672 collegio
571 1600 754 1671 scriptorum
767 1601 800 1655 in
814 1599 983 1656 Germania
995 1603 1195 1658 instituendo.

237 1713 264 1801 Ι
290 1716 363 1781 Pax
386 1713 514 1782 Christi
535 1714 635 1782 nobis
657 1725 807 1785 aeterna.
825 1717 1020 1784 Admodum
1043 1717 1121 1786 Rs·
1142 1719 1256 1786 Pater.
1280 1717 1398 1787 Iussus

156 1823 286 1870 meam
300 1803 450 1870 scribere
464 1803 667 1872 sententiam
683 1805 727 1872 de
743 1804 946 1889 quibusdam
956 1805 1180 1892 scriptoribus
1190 1805 1227 1872 in
1239 1807 1305 1874 hac
1317 1827 1395 1893 pro·
1469 1821 1470 1828 ’

159 1890 285 1958 uintia
301 1891 560 1973 constituendis,
578 1915 650 1961 rem
666 1893 783 1978 paucis
803 1893 997 1979 expediam,
1016 1897 1060 1962 de
1074 1916 1144 1979 qua
1166 1895 1293 1964 caeteri
1313 1895 1398 1962 satis

161 1981 284 2047 multa
300 1979 425 2048 dixisse
441 1980 612 2047 uidentur.
630 1981 782 2047 Primum
804 1983 1027 2051 uehementer
1042 1982 1204 2068 optarim,
1223 2003 1263 2052 ac
1279 1984 1397 2052 multis

162 2066 242 2136 iam
259 2068 359 2135 annis
374 2079 467 2155 opto,
486 2071 553 2136 hoc
568 2069 674 2155 pium,
691 2080 859 2151 sanctum,
878 2073 1099 2157 praeclarum,
1118 2081 1153 2140 et
1169 2075 1234 2138 hoc
1255 2070 1393 2157 quidem

160 2165 329 2260 tempore
344 2168 476 2224 tantum
493 2176 562 2224 non
577 2159 817 2242 necessarium,
832 2159 1026 2245 nostrisque
1037 2159 1232 2227 hominibus
1248 2160 1392 2248 dignum

162 2243 369 2313 institutum
389 2247 464 2312 zelo
484 2255 518 2312 et
539 2246 718 2332 prudentia
740 2248 951 2334 superiorum
976 2248 1182 2335 promoueri.
1208 2249 1282 2316 Nec
1305 2251 1393 2318 adeo

161 2357 224 2402 me
237 2345 455 2402 commouent
469 2334 595 2416 uariae,
605 2352 695 2422 quae
708 2335 763 2402 hic
776 2358 813 2403 se
825 2339 972 2404 offerunt
984 2336 1214 2416 difficultates,
1223 2348 1259 2404 et
1270 2337 1300 2404 si
1311 2360 1391 2420 sen3

160 2421 252 2490 tiam
269 2424 454 2490 multorum
470 2422 600 2512 animos
615 2426 658 2491 ab
674 2425 739 2492 hoe
755 2424 910 2492 instituto
925 2435 1105 2511 propterea
1116 2437 1292 2509 utcunque
1308 2426 1391 2496 alie·

161 2533 232 2578 nos
247 2533 336 2580 esse.
355 2511 436 2581 Scio
450 2513 567 2597 quales
583 2524 618 2581 et
632 2525 777 2597 quantas
793 2513 1034 2600 occupationes
1049 2513 1158 2616 pariat
1178 2523 1287 2580 status
1303 2513 1389 2580 isto·

162 2623 244 2667 rum
264 2599 503 2686 collegiorum,
521 2599 555 2666 in
576 2601 701 2685 quibus
723 2601 829 2668 nostri
847 2597 1000 2689 theologi
1019 2601 1159 2670 minime
1187 2600 1287 2669 otiosi
1313 2623 1391 2672 csse

162 2699 325 2774 possunt.
348 2689 417 2758 Sed
438 2692 478 2757 P.
500 2689 713 2775 prouintialis
736 2692 879 2758 fortasse
906 2691 993 2771 illos,
1017 2691 1075 2776 qui
1103 2692 1146 2760 ad
1170 2689 1390 2759 scribendum

161 2776 282 2844 idonei
298 2777 444 2846 maxime
459 2777 668 2859 uiderentur,
682 2779 844 2864 paulatim
857 2779 1036 2865 ordinarijs
1052 2779 1225 2847 laboribus
1240 2778 1390 2850 eximere

162 2878 288 2951 queat,
308 2878 345 2932 ut
364 2887 406 2935 eo
421 2866 631 2934 commodius
647 2869 689 2934 ad
713 2870 780 2934 hoc
802 2879 958 2936 sanctum
982 2889 1069 2954 opus
1091 2867 1274 2954 accingant
1297 2887 1384 2936 sese.

161 2955 299 3022 Doctor
314 2955 543 3041 Hieronymus
559 2955 737 3024 Torrensis
753 2956 892 3024 omnino
905 2957 1033 3044 dignus
1056 2957 1138 3023 mihi
1162 2956 1311 3037 uidetur,
1328 2957 1386 3024 cui

161 3063 247 3130 prae
263 3043 407 3112 caeteris
422 3044 482 3110 liat
497 3041 620 3131 gratia,
638 3055 678 3111 ut
693 3045 728 3111 in
739 3046 804 3111 hac
819 3055 931 3114 aetate
944 3055 978 3113 et
993 3045 1144 3132 corporis
1155 3043 1385 3114 imbecillitate

160 3132 363 3218 ingolstadii
379 3153 475 3200 sacra
490 3133 640 3219 profiteri
660 3133 809 3214 desinat,
826 3145 862 3202 et
881 3135 925 3201 ad
945 3135 1052 3201 solam
1071 3132 1289 3219 scriptionem
1309 3154 1387 3203 sese

159 3233 356 3308 componat.
375 3223 495 3290 Plures
510 3222 644 3290 duobus
664 3233 723 3289 aut
739 3223 848 3290 tribus
869 3221 904 3288 in
925 3223 991 3289 hac
1013 3220 1188 3308 prouincia
1205 3223 1385 3308 theologos

159 3331 232 3377 non
247 3309 364 3389 uideo,
382 3309 535 3398 quicum
555 3311 664 3377 fructu
680 3311 827 3379 scribere
843 3310 985 3397 possint:
1005 3311 1070 3377 hos
1084 3332 1105 3377 a
1121 3311 1162 3378 Ρ.
1179 3309 1385 3396 prouintiale

160 3398 406 3485 designandos,
420 3410 455 3466 et
469 3400 545 3467 loco
562 3399 673 3486 magis
688 3409 880 3486 opportuno
896 3399 1112 3466 collocandos
1128 3413 1296 3484 putarem.
1314 3399 1386 3466 Ar-

161 3498 367 3574 gumentum
389 3486 561 3557 scribendi
584 3487 733 3574 eligant,
750 3488 808 3572 qui
831 3498 912 3555 sunt
933 3486 1154 3573 designandi,
1172 3498 1211 3553 ut
1233 3485 1383 3572 aliquam

160 3576 267 3644 animi
279 3575 538 3663 propensionem
551 3577 717 3658 adferant,
732 3577 902 3662 simulque
914 3573 1057 3662 tempori
1069 3575 1233 3655 seruiunt,
1247 3597 1286 3644 re
1303 3596 1383 3642 cum

160 3666 286 3732 eodem
301 3663 503 3752 prouintiale
522 3664 663 3751 eiusque
683 3665 899 3746 consiliariis,
917 3664 946 3732 si
966 3663 1114 3746 uidetur,
1136 3664 1270 3730 collata.
1289 3665 1383 3731 ldem

162 3754 263 3821 facile
279 3754 423 3835 curabit,
437 3765 475 3822 ut
486 3765 620 3823 secreto
632 3755 787 3823 laborent
796 3752 978 3840 designati,
991 3763 1116 3820 etcum
1129 3751 1204 3820 aliis
1215 3751 1251 3819 in
1264 3753 1382 3822 eadem

160 3841 335 3930 prouintia
349 3844 539 3924 conferant,
557 3863 662 3928 quum
679 3841 729 3910 sic
745 3865 799 3910 res
815 3841 1048 3930 postulauerit.

229 3929 452 4000 Existimabat
469 3934 510 4000 P.
528 3931 658 3999 Natalis
672 3932 768 3998 velut
782 3931 965 4018 collegium
981 3933 1052 3997 fore
1068 3928 1271 4032 scriptorum
1287 3928 1380 4013 ejus·

157 4019 305 4100 semodi,
323 4019 394 4106 qui,
413 4041 481 4087 uno
500 4019 536 4087 in
554 4018 631 4088 loco
650 4029 911 4101 commorantes,
934 4029 1070 4086 mutuas
1086 4017 1151 4085 sibi
1166 4027 1381 4106 praestarent

155 4129 292 4195 operas,
306 4119 341 4176 et
357 4129 457 4176 suum
470 4108 604 4176 interim
617 4110 826 4195 praefectum
837 4110 1016 4177 haberent.
1031 4107 1160 4176 Ver'um
1172 4106 1267 4174 haud
1278 4103 1379 4174 video

155 4198 250 4267 unde
266 4197 314 4263 illi
329 4197 494 4285 colligiet
510 4196 673 4284 conjungi
689 4197 832 4284 possint,
850 4196 910 4264 ubi
926 4205 1021 4263 tanta
1035 4206 1088 4263 est
1104 4194 1290 4263 necessitas
1304 4196 1378 4261 col·

207 4402 216 4432 ¹
254 4401 299 4456 Ex
316 4403 507 4475 autographo,
529 4401 560 4458 in
577 4402 678 4474 Epist.
707 4400 837 4474 canisii,
854 4399 893 4469 11,
911 4398 972 4470 278.
991 4397 1068 4454 Vide
1086 4397 1184 4470 Epist.
1202 4398 1319 4468 Nolui,
1335 4397 1377 4466 ΙΙ,

155 4499 216 4559 195,
234 4487 300 4558 363,
316 4489 380 4559 636,
398 4499 456 4546 etc.
476 4491 540 4546 Hoc
562 4491 704 4563 epistolae
725 4489 922 4560 fragmentum
943 4487 1036 4543 edidit
1058 4486 1092 4542 P.
1112 4485 1218 4542 Michel
1240 4503 1377 4542 sermone

149 4577 260 4648 gallico
272 4577 303 4634 iu
315 4595 404 4652 opere
416 4579 465 4636 cui
477 4579 590 4636 titulus:
611 4578 663 4634 Via
682 4578 725 4633 du
744 4578 945 4634 conmunire
963 4577 1072 4632 Pium
1093 4572 1247 4646 Carisius,
1265 4574 1318 4630 lib.
1338 4574 1378 4643 V,

152 4683 219 4738 cap.
234 4678 261 4736 5.
