3482 5386
408 515 464 574 7⁵0
793 506 900 564 Errsr.
919 505 954 560 P.
973 501 1179 572 Neon-⁶24

372 667 425 725 to.
444 655 527 725 Solo
544 667 742 743 represento
757 679 796 726 se
812 678 868 726 me
882 655 1034 724 habbino
1049 655 1093 725 de
1107 657 1302 724 consultare
1316 677 1377 742 per
1391 657 1459 722 dar
1472 655 1609 724 la⁸mia
1713 691 1714 698 κ

372 768 625 842 informatione.
645 771 721 839 Con
736 772 874 840 suauitai
889 772 924 840 di
940 792 1045 840 cuore
1065 771 1210 860 pigliaro
1225 771 1298 840 l’en
1318 773 1351 839 el
1369 771 1506 858 Signor
1526 771 1606 857 ogni

373 908 456 955 cosa
470 889 535 953 che
550 885 660 953 ordini
673 887 705 954 la
719 887 757 954 P.
773 889 834 969 V.,
849 909 871 954 o
883 885 913 958 si
924 885 1060 974 stampi,
1074 909 1095 954 o
1107 909 1164 962 no.
1176 897 1210 954 et
1222 909 1283 974 per
1294 889 1359 954 che
1371 885 1427 953 via
1440 895 1479 953 et
1490 885 1603 952 modo.

375 1005 430 1070 Da
445 1023 499 1068 me
515 1022 585 1069 non
599 1000 710 1070 vorrei
727 1001 893 1089 pendesse
909 1001 1024 1072 niente
1045 1011 1071 1069 ⁰.
1091 981 1145 1070 iifl
1160 1002 1193 1070 la
1208 1023 1291 1070 cosa
1305 1023 1374 1070 non
1390 1000 1464 1068 mia
1480 1021 1520 1068 se
1535 1021 1604 1066 non

373 1117 466 1186 della
480 1116 707 1203 Compagnia,
726 1117 786 1183 hoc
799 1123 851 1184 est
864 1116 900 1184 di
916 1117 960 1184 V.
976 1119 1016 1184 P.
1035 1115 1097 1187 Lei
1113 1116 1219 1185 faccia
1230 1117 1344 1203 quello
1359 1115 1408 1204 gli
1420 1115 1557 1204 pareri.
1569 1117 1602 1182 Io

377 1252 446 1299 non
459 1230 551 1298 hodi
565 1233 616 1298 sar
627 1233 725 1314 altro,
740 1253 777 1301 se
789 1253 860 1299 non
871 1231 989 1302 obedit
1005 1241 1031 1315 θ,
1045 1233 1070 1300 il
1080 1235 1145 1302 che
1158 1234 1230 1301 faro
1241 1253 1307 1300 con
1318 1231 1483 1301 doloezza
1495 1231 1602 1298 conia

376 1345 488 1434 gratia
504 1345 560 1416 del
574 1345 713 1433 Signor.
731 1348 799 1414 Del
815 1349 856 1415 P.
874 1347 980 1416 Iohan
995 1347 1070 1416 diro
1084 1348 1221 1434 quando
1242 1346 1346 1416 haubi
1363 1347 1400 1414 di
1419 1348 1533 1416 andar
1548 1367 1604 1412 co

375 1461 445 1530 sti.
458 1460 581 1530 Vorrei
592 1483 690 1548 saper
700 1462 792 1530 dalla
809 1465 850 1530 Ρ.
869 1463 912 1532 V.
928 1483 966 1530 se
980 1468 1057 1532 sard
1072 1464 1225 1550 obligato
1240 1463 1284 1531 da
1299 1463 1359 1548 qui
1374 1461 1510 1531 scriuer
1525 1460 1604 1549 ogni

377 1595 484 1657 mese,
503 1575 532 1644 si
548 1597 645 1646 come
660 1578 708 1644 ho
725 1577 811 1644 fatto
823 1578 867 1646 da
877 1579 1064 1648 Germania
1075 1601 1136 1666 per
1147 1578 1266 1646 ordine
1278 1578 1313 1644 di
1324 1579 1366 1646 V.
1382 1580 1440 1660 P.,
1454 1575 1514 1644 cui
1525 1575 1603 1642 doni

376 1690 545 1779 spirituali
561 1693 738 1778 augmenti
753 1711 887 1778 sempre
898 1692 921 1759 il
935 1693 1062 1781 Signor
1077 1715 1098 1760 a
1113 1693 1219 1760 maior
1234 1691 1345 1782 gloria
1357 1693 1394 1758 di
1405 1715 1472 1760 sua
1486 1689 1602 1758 diuina
1714 1709 1715 1784 j

380 1807 464 1876 Mra.
482 1805 539 1876 et‘
552 1805 686 1894 magior
700 1819 889 1894 augmento
903 1808 993 1878 della
1007 1807 1231 1895 Compagnia.
1247 1807 1317 1876 Alli
1332 1807 1385 1876 soi
1400 1805 1559 1874 sacrificii
1569 1817 1602 1874 et
1714 1797 1715 1806 ’

381 1921 527 1990 orationi
543 1921 577 1988 di
593 1942 697 1990 cuore
713 1921 759 1987 mi
775 1919 971 1991 ricomando
986 1935 1021 1990 et
1036 1923 1116 1992 dalli
1132 1921 1233 1990 Padri
1251 1922 1422 1992 assistenti
1439 1933 1476 1990 et
1490 1941 1600 1989 secre-

378 2037 479 2104 tario.
497 2038 669 2104 Dominus
681 2037 727 2102 sit
737 2035 922 2105 nobisottm.
940 2037 985 2106 Di
1001 2039 1158 2119 Venetia,
1177 2057 1220 2106 20
1235 2037 1270 2104 di
1290 2039 1486 2108 Settembre
1505 2052 1595 2121 1577.

381 2154 426 2219 D.
446 2155 486 2220 P.
503 2152 548 2218 V.
564 2171 665 2218 seruo
680 2149 717 2218 iu
732 2151 805 2235 X.⁰‚

1189 2277 1375 2365 'tNADAL-
1403 2279 1427 2365 i

451 2497 633 2582 inscriptio
645 2498 683 2563 in
698 2503 824 2584 quarta
842 2498 990 2584 pagina,
1007 2497 1078 2564 alio
1094 2519 1202 2564 manu
1214 2521 1224 2563 .·
1240 2499 1263 2586 †
1279 2499 1325 2566 Al
1339 2499 1447 2565 molto
1463 2497 1549 2564 Rdo.
1565 2493 1597 2560 in

380 2611 486 2680 Chro.
506 2612 616 2679 Padre
631 2611 655 2677 il
668 2615 707 2680 P.
724 2612 900 2682 Euerardo
911 2611 1141 2694 Mercurium,
1157 2612 1327 2702 preposito
1338 2613 1502 2701 generale
1515 2609 1596 2680 della

381 2717 595 2814 Compagnia
609 2727 644 2793 di
656 2727 773 2796 Giesir.
788 2729 824 2794 In
836 2729 955 2796 Roma.
970 2727 1052 2794 Atta
1063 2749 1183 2794 manu:
1199 2745 1294 2813 1577.
1310 2728 1460 2810 Vinetia,
1475 2730 1515 2795 P.
1529 2727 1594 2794 Na·

380 2841 461 2911 tale.
480 2860 523 2910 20
537 2841 572 2907 di
589 2843 673 2925 ψ
689 2843 808 2931 Sigiiii
823 2843 929 2910 abcisi
947 2844 1144 2932 vestigium.

932 3038 935 3046 ·
952 3009 1036 3070 ΒΜ

716 3121 756 3185 Ρ.
775 3119 1086 3188 HIERONYMUS
1107 3122 1271 3188 NADAL

616 3241 752 3296 PATRI
786 3241 1036 3302 EVERARDO
1067 3242 1373 3302 MERCURIANO

735 3361 894 3420 venenis,
908 3349 942 3404 28
955 3363 1133 3406 prosumus
1149 3363 1216 3422 1577
1231 3352 1251 3407 ¹.

381 3455 521 3520 Romam,
536 3471 604 3511 vere
617 3459 783 3528 appetente,
795 3455 947 3529 proficisci
957 3459 1077 3512 statuit:
1088 3459 1189 3512 animi
1197 3460 1286 3532 groti
1301 3475 1377 3534 ergo
1394 3459 1503 3514 Patres
1518 3470 1592 3512 usne

863 3548 908 3598 tus
919 3561 1005 3599 sensu
1017 3546 1127 3616 aperit.

450 3650 558 3716 Molto
575 3649 660 3716 Rdo.
680 3649 716 3714 in
731 3651 822 3736 Xp0.
839 3653 949 3717 Padre
964 3661 1093 3718 nostru.
1113 3653 1185 3719 Pax
1200 3652 1280 3740 Xpi.
1299 3664 1368 3720 etc.
1393 3655 1522 3722 Precor
1535 3649 1588 3716 ad-

380 3765 521 3832 modum
542 3764 647 3832 Rdae.
673 3763 875 3832 Paternitati
903 3779 982 3834 tuae
1004 3767 1136 3836 foelicia
1156 3770 1242 3836 festa
1268 3779 1303 3836 et
1318 3770 1441 3838 Natale
1460 3763 1585 3836 Domini

380 3890 417 3948 et
437 3899 564 3946 annum
587 3879 641 3960 78,
664 3879 822 3946 omnibus
850 3879 1009 3949 Patribus
1030 3891 1064 3948 et
1092 3882 1267 3964 fratribus
1285 3883 1344 3969 qui
1371 3885 1497 3952 Romae
1516 3887 1585 3948 sunt

382 3992 519 4076 nostris,
537 4005 571 4060 et
593 3993 773 4062 uniuersae
794 3995 971 4064 Societati.
995 3995 1082 4064 Dell'
1101 3997 1262 4065 infirmita
1284 3999 1362 4081 mia,
1380 4011 1415 4067 et
1434 3997 1582 4073 recidiua,

377 4109 496 4176 scriuo
512 4111 544 4177 al
561 4111 601 4175 P.
617 4109 771 4177 Oliuerio
786 4111 811 4176 ⁸.
827 4111 939 4178 Tanto
952 4122 1073 4198 questo
1089 4111 1135 4178 mi
1151 4123 1241 4181 resta
1256 4136 1277 4180 a
1291 4113 1364 4184 dire
1379 4117 1452 4185 aV.
1467 4117 1515 4195 P.‚
1529 4111 1585 4178 che

435 4297 451 4331 ι
479 4287 544 4342 Hoc
557 4289 639 4343 verb.
654 4305 742 4360 supra
755 4305 833 4344 vers.
848 4287 959 4344 addidit
972 4289 1064 4345 N.-b
1074 4289 1092 4345 3
1104 4293 1194 4346 verba
1207 4309 1289 4365 seqq.
1300 4309 1387 4365 supra
1400 4309 1475 4348 vers.
1489 4285 1586 4346 addidit

381 4375 472 4430 N.-c
485 4375 624 4449 Sequitur
635 4379 674 4432 clu
690 4395 736 4432 me
749 4377 934 4434 obliteratum
947 4396 964 4434 a
976 4379 1017 4436 N.
1026 4379 1075 4424 -4
1086 4379 1278 4437 Emendatum
1291 4397 1329 4437 ex
1341 4387 1432 4438 et-e
1444 4382 1521 4447 Aut„
1534 4375 1586 4432 uit·

376 4465 479 4519 dedir.
489 4464 530 4508 -t
544 4465 609 4520 Hoc
622 4467 706 4520 verb.
721 4465 767 4521 bis
780 4465 899 4538 scripsit
909 4467 947 4521 N.

436 4613 444 4648 ¹
483 4616 526 4671 Ex
537 4617 709 4688 archetypo,
723 4615 754 4671 in
766 4616 863 4687 Epist.
877 4616 996 4689 Natini,
1009 4619 1044 4688 11,
1056 4618 1167 4691 duplici
1179 4617 1241 4694 ioh,
1257 4621 1306 4678 261
1319 4622 1409 4694 (215).

433 4706 445 4738 ¹
482 4703 646 4774 Mauareus,
659 4704 801 4760 assistens
814 4705 990 4762 Germaniae
1003 4715 1034 4762 et
1045 4707 1174 4766 Galliae.
