3414 5374
644 444 676 499 18
695 445 778 516 Jocu
798 442 867 514 1573
1272 441 1327 497 663

128 615 198 659 eon
215 603 341 663 entera
356 594 467 676 salud‚
485 600 561 662 asu
575 597 693 681 mayor
708 594 828 682 gloria,
851 618 874 683 y
895 616 961 682 que
984 596 1027 663 V.
1054 596 1110 675 R„
1139 615 1238 662 como
1262 615 1362 662 acos-

129 709 321 774 tumbrado
333 707 378 799 [a]
392 718 409 751 ⁸
427 709 535 776 lleuar
545 710 580 776 la
591 731 707 797 carga,
718 709 863 796 reciuira
874 719 947 778 esta
957 731 1022 777 con
1034 729 1075 776 su
1087 708 1185 775 sdlita
1197 707 1361 800 patientia

130 845 153 906 y
169 821 354 889 charidad.
378 825 528 892 Denosla
547 845 630 910 muy
650 825 786 911 copiosa
803 831 824 891 a
839 826 936 892 todos
950 847 993 892 su
1011 823 1126 890 diuina
1146 823 1260 910 Mage
1278 845 1361 910 para

130 957 200 1022 que
216 937 491 1023 perfectamente
505 938 538 1005 le
552 937 730 1006 siruamos.
748 939 862 1007 Todos
877 959 954 1006 esos
970 940 1097 1005 Padres
1108 959 1145 1005 se
1162 938 1357 1007 encomien-

129 1052 212 1133 dan,
232 1062 303 1120 etc.
322 1053 376 1119 De
391 1053 511 1133 Roma,
530 1072 550 1137 3
566 1054 610 1122 de
631 1054 785 1122 Octubrc
805 1068 900 1137 1572.

196 1167 258 1234 De
274 1166 307 1232 la
322 1166 519 1234 intimacion
534 1188 602 1251 que
617 1170 661 1235 V.
680 1170 721 1234 R.
739 1171 784 1236 ha
800 1169 843 1236 de
858 1170 991 1237 hazera
1006 1168 1057 1235 los
1068 1167 1305 1256 prouinciales,
1319 1167 1355 1233 ni

128 1279 172 1345 de
187 1293 290 1348 otros
304 1281 470 1367 negocios
484 1303 529 1348 no
548 1284 656 1349 haurd
671 1303 738 1368 que
754 1281 846 1351 dezir
860 1304 905 1350 en
919 1292 1003 1364 esta,
1021 1303 1118 1370 pnes
1136 1303 1235 1350 como
1256 1303 1355 1368 espe—

129 1416 260 1478 ramos‚
280 1396 408 1463 hallard
424 1395 467 1485 [d]
484 1398 527 1465 V.
546 1399 588 1465 R.
606 1404 679 1465 mis
694 1419 792 1467 cerea
803 1401 846 1464 de
858 1400 965 1466 Roma
981 1420 1049 1485 que
1064 1400 1108 1467 de
1124 1401 1306 1467 Macerata.

702 1608 790 1673 ὕΜ

466 1735 507 1800 Ρ.
531 1735 840 1804 HIERONYMUS
863 1735 1028 1804 NADAL

359 1866 489 1921 PATRI
512 1866 755 1925 EVERARDO
778 1865 1131 1939 MERCURIANO(?)

524 1993 661 2047 ruounu,
678 1981 710 2038 18
722 1995 798 2050 Juun
813 1981 881 2052 1573
892 1979 928 2052 (i)
940 1982 961 2036 ¹.

255 2094 439 2168 Caiologum
450 2098 634 2170 scriptorum
646 2101 674 2152 et
686 2097 914 2168 occupationum
926 2113 1054 2152 suarum
1063 2097 1235 2168 praeposito

612 2185 754 2258 generali
766 2185 871 2240 mittit.

195 2319 307 2386 Molto
324 2319 410 2385 Rd0.
431 2321 471 2386 P.
487 2321 530 2387 N.
546 2319 581 2385 in
593 2321 684 2406 Xpo.
702 2323 774 2387 Pax
785 2319 842 2387 X.¹
862 2329 927 2387 etc.
942 2321 985 2387 V.
1003 2320 1043 2386 P.
1058 2319 1104 2384 mi
1119 2319 1272 2404 perdoni,
1286 2323 1351 2387 che

131 2451 200 2496 non
218 2433 267 2519 gli
283 2433 387 2500 lassai
403 2435 481 2519 quel
497 2435 658 2520 catalogo
678 2437 741 2501 che
761 2434 840 2501 lessi
859 2457 880 2502 a
895 2436 939 2501 V.
958 2435 997 2501 P.
1013 2458 1020 2500 :
1040 2437 1115 2503 sera
1135 2445 1346 2520 conquesta.

133 2543 348 2634 Resceuerey
364 2548 494 2616 chariti
513 2569 551 2617 se
570 2571 640 2614 non
660 2550 693 2614 lo
714 2548 890 2616 mostrassi
910 2572 930 2615 a
950 2548 1042 2631 altri,
1061 2551 1185 2634 perche
1201 2549 1247 2613 mi
1268 2570 1349 2635 pare

133 2674 326 2748 arrogante,
344 2677 379 2730 et
393 2664 491 2730 basta
505 2664 570 2732 che
585 2665 618 2729 la
634 2667 673 2730 P.
692 2665 736 2731 V.
754 2663 850 2750 sappi
866 2663 914 2750 gli
929 2661 1009 2730 miei
1030 2663 1141 2731 diietti
1156 2686 1216 2750 per
1232 2685 1349 2731 emen·

135 2773 253 2862 dargii,
271 2788 306 2844 et
322 2776 428 2846 cierto
444 2778 503 2845 nol
518 2777 691 2846 mandarei
706 2799 744 2846 se
759 2799 827 2844 non
847 2779 982 2847 hauessi
1003 2777 1195 2866 significato
1210 2780 1350 2848 volerne

133 2891 242 2976 copia.
260 2894 379 2962 Sonno
395 2893 525 2980 pentito
539 2895 582 2962 dc
603 2894 709 2961 hauer
730 2892 849 2960 scritto
871 2904 966 2963 tante
985 2915 1076 2963 cose.
1101 2895 1180 2961 Non
1201 2896 1297 2961 altro.
1321 2895 1346 2960 Il

134 3003 257 3092 Signor
272 3007 322 3076 sia
338 3027 403 3074 con
419 3010 463 3076 V.
482 3010 521 3075 P.
538 3018 572 3074 et
588 3028 653 3074 con
675 3007 765 3074 tutti.
788 3008 908 3077 Saluto
924 3029 1040 3074 ornnes
1056 3010 1101 3074 P.
1126 3010 1163 3074 in
1183 3010 1344 3075 Domino.

131 3117 182 3184 De
196 3123 340 3208 Tyburi‚
363 3123 401 3190 18
417 3123 452 3188 di
467 3121 595 3190 Giulio.
614 3125 658 3189 D.
677 3124 721 3190 V.
741 3125 781 3189 P.
801 3143 902 3191 seruo
918 3122 953 3190 in
968 3123 1046 3204 X.⁰,

920 3239 1104 3413 iNA13sAL·
1132 3238 1154 3325 †

180 3503 197 3536 ⁸
223 3495 344 3566 Regest.
359 3491 454 3550 omitt.
473 3494 547 3548 hanc
560 3492 741 3566 particulam.

182 3625 189 3657 ¹
226 3628 269 3681 Ex
281 3628 472 3699 autographo,
485 3626 515 3682 in
528 3627 626 3700 Epist.
644 3626 759 3694 Natat„
775 3625 814 3696 11,
832 3625 917 3682 unico
934 3626 998 3697 foi,
1014 3625 1072 3697 189.
1095 3624 1219 3681 Accedit
1236 3625 1343 3682 scheda

133 3725 195 3768 oum
206 3718 338 3787 catalogo
354 3716 536 3788 scriptorum,
557 3715 608 3770 ubi
625 3715 713 3770 etiam
733 3733 801 3772 sues
819 3715 1023 3788 occupationes
1041 3714 1224 3787 quotidianas
1241 3732 1342 3770 recen-

134 3809 184 3855 set.
197 3805 331 3875 Quonam
344 3821 421 3859 anno
433 3805 506 3859 haec
518 3804 625 3874 scripta
643 3803 762 3874 fuerint,
780 3820 838 3858 non
855 3811 979 3859 constat.
1000 3802 1075 3859 Cum
1092 3811 1190 3858 autem
1207 3803 1283 3859 inter
1299 3804 1341 3858 lu-

131 3889 308 3948 cubrationes
329 3909 398 3948 suas
419 3899 572 3948 recenseat
593 3891 706 3947 Natalis
724 3899 878 3947 tractatum
899 3898 1001 3947 contra
1022 3891 1228 3962 Hesshusium,
1250 3890 1341 3964 liquet

132 3989 183 4031 non
194 3987 259 4035 ante
272 3980 382 4052 Julium
395 3980 464 4035 anni
479 3979 547 4050 1569
563 3980 636 4035 haec
652 3979 760 4051 scripta
777 3977 878 4047 fuisse,
899 3995 935 4035 eo
951 3979 1030 4052 quod
1048 3979 1119 4036 illud
1136 3995 1208 4051 opus
1226 3995 1340 4050 compo·
1391 4024 1397 4034 .

130 4064 183 4120 suit
201 4067 312 4125 Natalis
335 4067 365 4124 in
387 4070 489 4124 ultima
510 4067 682 4124 lustratione
704 4067 879 4124 Germaniae
901 4076 933 4124 et
954 4068 1079 4137 Galliae,
1105 4085 1190 4141 quam
1212 4067 1342 4123 absolvit

130 4166 220 4211 nense
232 4156 407 4234 Septembre
419 4155 488 4212 anni
503 4155 580 4225 1568.
596 4155 672 4210 Vide
689 4154 776 4228 epist.
794 4155 858 4224 518,
876 4175 910 4212 n.
931 4167 957 4226 53
977 4165 1008 4212 et
1024 4170 1086 4227 529,
1103 4172 1132 4211 n.
1154 4169 1178 4211 1.
1199 4154 1340 4226 Aliunde,
1453 4154 1462 4168 '

128 4253 187 4297 cum
198 4243 273 4300 inter
285 4245 405 4300 diurnos
418 4245 533 4300 labores
547 4261 616 4299 suos
632 4251 776 4316 proponat
795 4243 924 4299 scribere
944 4245 1147 4300 annotationes
1165 4244 1194 4299 in
1213 4261 1338 4315 evange-

129 4325 171 4392 lia.
182 4349 254 4404 quae
270 4333 389 4406 quidem
401 4333 486 4388 annis
506 4345 657 4403 1574·1577
675 4331 798 4404 perfecit
815 4334 845 4388 in
863 4333 1031 4405 Germania,
1049 4331 1142 4407 liquet
1158 4335 1262 4389 saltem
1280 4349 1338 4389 non

130 4426 187 4484 post
201 4422 310 4492 Julium
323 4422 392 4478 anni
408 4421 476 4492 1573
492 4424 567 4478 hanc
584 4423 737 4494 epistolam
754 4421 851 4478 datam
867 4421 970 4491 fuisse3
988 4441 1055 4478 nam
1068 4421 1216 4494 proiectus
1234 4421 1289 4478 tuit
1308 4422 1340 4477 in

131 4501 306 4568 Germaniam
319 4529 421 4568 mense
433 4511 510 4584 Majo
523 4511 592 4567 anni
608 4523 686 4581 1574.
