<?xml version="1.0" encoding="UTF-8"?>
<!DOCTYPE html PUBLIC "-//W3C//DTD XHTML 1.0 Transitional//EN"
    "http://www.w3.org/TR/xhtml1/DTD/xhtml1-transitional.dtd">
<html xmlns="http://www.w3.org/1999/xhtml" xml:lang="en" lang="en">
 <head>
  <title>
</title>
<meta http-equiv="Content-Type" content="text/html;charset=utf-8" />
  <meta name='ocr-system' content='tesseract 3.04.00' />
  <meta name='ocr-capabilities' content='ocr_page ocr_carea ocr_par ocr_line ocrx_word'/>
</head>
<body>
  <div class='ocr_page' id='page_1' title='image "./epistolaephiero01nadagoog_0299.png"; bbox 0 0 3318 5376; ppageno 0'>
   <div class='ocr_carea' id='block_1_1' title="bbox 0 2405 15 4079">
    <p class='ocr_par' dir='ltr' id='par_1_1' title="bbox 0 2405 15 4079">
     <span class='ocr_line' id='line_1_1' title="bbox 0 2405 15 4079; baseline 0 0"><span class='ocrx_word' id='word_1_1' title='bbox 0 2405 15 4079; x_wconf 95' lang='lat' dir='ltr'> </span> 
     </span>
    </p>
   </div>
   <div class='ocr_carea' id='block_1_2' title="bbox 0 4280 6 5046">
    <p class='ocr_par' dir='ltr' id='par_1_2' title="bbox 0 4280 6 5046">
     <span class='ocr_line' id='line_1_2' title="bbox 0 4280 6 5046; baseline 0 0"><span class='ocrx_word' id='word_1_2' title='bbox 0 4280 6 5046; x_wconf 95' lang='lat' dir='ltr'> </span> 
     </span>
    </p>
   </div>
   <div class='ocr_carea' id='block_1_3' title="bbox 433 475 1199 548">
    <p class='ocr_par' dir='ltr' id='par_1_3' title="bbox 433 475 1199 548">
     <span class='ocr_line' id='line_1_3' title="bbox 433 475 1199 548; baseline -0.001 -12"><span class='ocrx_word' id='word_1_3' title='bbox 433 482 486 536; x_wconf 85' lang='lat'>260</span> <span class='ocrx_word' id='word_1_4' title='bbox 817 483 921 538; x_wconf 76' lang='lat' dir='ltr'>Eprsr.</span> <span class='ocrx_word' id='word_1_5' title='bbox 941 480 975 535; x_wconf 90' lang='grc' dir='ltr'>Ρ.</span> <span class='ocrx_word' id='word_1_6' title='bbox 995 475 1199 548; x_wconf 69' lang='lat' dir='ltr'>Naum—437</span> 
     </span>
    </p>
   </div>
   <div class='ocr_carea' id='block_1_4' title="bbox 374 629 1657 3478">
    <p class='ocr_par' dir='ltr' id='par_1_4' title="bbox 392 629 1633 816">
     <span class='ocr_line' id='line_1_4' title="bbox 394 629 1633 720; baseline -0.002 -21"><span class='ocrx_word' id='word_1_7' title='bbox 394 653 464 699; x_wconf 90' lang='lat' dir='ltr'>uno</span> <span class='ocrx_word' id='word_1_8' title='bbox 475 633 607 700; x_wconf 80' lang='lat' dir='ltr'>fratello</span> <span class='ocrx_word' id='word_1_9' title='bbox 618 655 683 701; x_wconf 89' lang='lat' dir='ltr'>con</span> <span class='ocrx_word' id='word_1_10' title='bbox 696 633 757 714; x_wconf 84' lang='lat' dir='ltr'>lui,</span> <span class='ocrx_word' id='word_1_11' title='bbox 768 634 822 702; x_wconf 91' lang='lat' dir='ltr'>de&#39;</span> <span class='ocrx_word' id='word_1_12' title='bbox 834 629 992 720; x_wconf 89' lang='lat' dir='ltr'>migliori‚</span> <span class='ocrx_word' id='word_1_13' title='bbox 1002 642 1037 700; x_wconf 91' lang='lat' dir='ltr'>et</span> <span class='ocrx_word' id='word_1_14' title='bbox 1047 630 1173 700; x_wconf 87' lang='lat' dir='ltr'>uiuessi</span> <span class='ocrx_word' id='word_1_15' title='bbox 1186 629 1459 716; x_wconf 82' lang='lat' dir='ltr'>religiosamente</span> <span class='ocrx_word' id='word_1_16' title='bbox 1469 629 1633 696; x_wconf 93' lang='lat' dir='ltr'>secondo</span> 
     </span>
     <span class='ocr_line' id='line_1_5' title="bbox 392 747 733 816; baseline 0.003 -3"><span class='ocrx_word' id='word_1_17' title='bbox 392 748 414 813; x_wconf 91' lang='lat' dir='ltr'>l&#39;</span> <span class='ocrx_word' id='word_1_18' title='bbox 431 747 587 815; x_wconf 87' lang='lat' dir='ltr'>instituto</span> <span class='ocrx_word' id='word_1_19' title='bbox 604 759 733 816; x_wconf 80' lang='lat' dir='ltr'>nostro,</span> 
     </span>
    </p>

    <p class='ocr_par' dir='ltr' id='par_1_5' title="bbox 374 859 1657 3364">
     <span class='ocr_line' id='line_1_6' title="bbox 458 859 1625 949; baseline -0.004 -19"><span class='ocrx_word' id='word_1_20' title='bbox 458 878 489 946; x_wconf 90' lang='lat'>5.</span> <span class='ocrx_word' id='word_1_21' title='bbox 538 863 603 930; x_wconf 92' lang='lat' dir='ltr'>Doi</span> <span class='ocrx_word' id='word_1_22' title='bbox 619 862 730 949; x_wconf 86' lang='lat' dir='ltr'>giomi</span> <span class='ocrx_word' id='word_1_23' title='bbox 746 863 862 929; x_wconf 90' lang='lat' dir='ltr'>auanti</span> <span class='ocrx_word' id='word_1_24' title='bbox 878 865 942 928; x_wconf 90' lang='lat' dir='ltr'>che</span> <span class='ocrx_word' id='word_1_25' title='bbox 953 860 1000 926; x_wconf 94' lang='lat' dir='ltr'>mi</span> <span class='ocrx_word' id='word_1_26' title='bbox 1012 860 1145 947; x_wconf 92' lang='lat' dir='ltr'>partissi</span> <span class='ocrx_word' id='word_1_27' title='bbox 1156 862 1200 928; x_wconf 91' lang='lat' dir='ltr'>da</span> <span class='ocrx_word' id='word_1_28' title='bbox 1212 859 1396 946; x_wconf 89' lang='lat' dir='ltr'>Tymauia‚</span> <span class='ocrx_word' id='word_1_29' title='bbox 1409 859 1438 924; x_wconf 84' lang='lat' dir='ltr'>si</span> <span class='ocrx_word' id='word_1_30' title='bbox 1452 860 1538 927; x_wconf 83' lang='lat' dir='ltr'><strong>fece</strong></span> <span class='ocrx_word' id='word_1_31' title='bbox 1556 871 1625 926; x_wconf 90' lang='lat' dir='ltr'>ret-</span> 
     </span>
     <span class='ocr_line' id='line_1_7' title="bbox 389 974 1623 1065; baseline -0.002 -23"><span class='ocrx_word' id='word_1_32' title='bbox 389 986 462 1044; x_wconf 90' lang='lat' dir='ltr'>tore</span> <span class='ocrx_word' id='word_1_33' title='bbox 478 977 502 1043; x_wconf 90' lang='lat' dir='ltr'>il</span> <span class='ocrx_word' id='word_1_34' title='bbox 518 981 558 1044; x_wconf 92' lang='lat' dir='ltr'>P.</span> <span class='ocrx_word' id='word_1_35' title='bbox 578 979 690 1044; x_wconf 91' lang='lat' dir='ltr'>Pedro</span> <span class='ocrx_word' id='word_1_36' title='bbox 710 980 960 1065; x_wconf 82' lang='lat' dir='ltr'>Ungherocon</span> <span class='ocrx_word' id='word_1_37' title='bbox 979 976 1084 1042; x_wconf 89' lang='lat' dir='ltr'>molta</span> <span class='ocrx_word' id='word_1_38' title='bbox 1107 975 1325 1043; x_wconf 89' lang='lat' dir='ltr'>sodissatione</span> <span class='ocrx_word' id='word_1_39' title='bbox 1346 975 1380 1040; x_wconf 92' lang='lat' dir='ltr'>di</span> <span class='ocrx_word' id='word_1_40' title='bbox 1400 974 1486 1040; x_wconf 92' lang='lat' dir='ltr'>tutti</span> <span class='ocrx_word' id='word_1_41' title='bbox 1509 977 1534 1056; x_wconf 86' lang='lat'>¹,</span> <span class='ocrx_word' id='word_1_42' title='bbox 1553 997 1623 1040; x_wconf 91' lang='lat' dir='ltr'>non</span> 
     </span>
     <span class='ocr_line' id='line_1_8' title="bbox 388 1090 1621 1179; baseline -0.001 -22"><span class='ocrx_word' id='word_1_43' title='bbox 388 1093 463 1158; x_wconf 90' lang='lat' dir='ltr'>solo</span> <span class='ocrx_word' id='word_1_44' title='bbox 479 1091 515 1157; x_wconf 92' lang='lat' dir='ltr'>di</span> <span class='ocrx_word' id='word_1_45' title='bbox 530 1112 620 1174; x_wconf 89' lang='lat' dir='ltr'>casa,</span> <span class='ocrx_word' id='word_1_46' title='bbox 638 1114 694 1158; x_wconf 90' lang='lat' dir='ltr'>ma</span> <span class='ocrx_word' id='word_1_47' title='bbox 708 1094 764 1160; x_wconf 89' lang='lat' dir='ltr'>del</span> <span class='ocrx_word' id='word_1_48' title='bbox 784 1095 1003 1179; x_wconf 85' lang='lat' dir='ltr'>suffraganeo</span> <span class='ocrx_word' id='word_1_49' title='bbox 1023 1102 1058 1160; x_wconf 86' lang='lat' dir='ltr'>et</span> <span class='ocrx_word' id='word_1_50' title='bbox 1077 1090 1246 1172; x_wconf 89' lang='lat' dir='ltr'>canonici,</span> <span class='ocrx_word' id='word_1_51' title='bbox 1264 1094 1329 1158; x_wconf 91' lang='lat' dir='ltr'>che</span> <span class='ocrx_word' id='word_1_52' title='bbox 1349 1112 1433 1156; x_wconf 90' lang='lat' dir='ltr'>sono</span> <span class='ocrx_word' id='word_1_53' title='bbox 1449 1091 1621 1176; x_wconf 88' lang='lat' dir='ltr'>vngheri;</span> 
     </span>
     <span class='ocr_line' id='line_1_9' title="bbox 387 1205 1621 1292; baseline 0.001 -22"><span class='ocrx_word' id='word_1_54' title='bbox 387 1213 421 1271; x_wconf 91' lang='lat' dir='ltr'>et</span> <span class='ocrx_word' id='word_1_55' title='bbox 438 1205 461 1270; x_wconf 92' lang='lat' dir='ltr'>il</span> <span class='ocrx_word' id='word_1_56' title='bbox 478 1209 518 1273; x_wconf 93' lang='lat' dir='ltr'>P.</span> <span class='ocrx_word' id='word_1_57' title='bbox 539 1209 668 1275; x_wconf 89' lang='lat' dir='ltr'>Urtado</span> <span class='ocrx_word' id='word_1_58' title='bbox 683 1209 776 1275; x_wconf 82' lang='lat' dir='ltr'>resto</span> <span class='ocrx_word' id='word_1_59' title='bbox 792 1217 953 1274; x_wconf 90' lang='lat' dir='ltr'>contento</span> <span class='ocrx_word' id='word_1_60' title='bbox 964 1207 1124 1275; x_wconf 90' lang='lat' dir='ltr'>hauendo</span> <span class='ocrx_word' id='word_1_61' title='bbox 1140 1217 1235 1273; x_wconf 91' lang='lat' dir='ltr'>tanto</span> <span class='ocrx_word' id='word_1_62' title='bbox 1248 1216 1361 1292; x_wconf 89' lang='lat' dir='ltr'>tempo</span> <span class='ocrx_word' id='word_1_63' title='bbox 1372 1205 1576 1272; x_wconf 89' lang='lat' dir='ltr'>desiderato</span> <span class='ocrx_word' id='word_1_64' title='bbox 1588 1205 1621 1271; x_wconf 89' lang='lat' dir='ltr'>di</span> 
     </span>
     <span class='ocr_line' id='line_1_10' title="bbox 388 1320 1622 1403; baseline 0 -15"><span class='ocrx_word' id='word_1_65' title='bbox 388 1341 502 1389; x_wconf 85' lang='lat' dir='ltr'>essere</span> <span class='ocrx_word' id='word_1_66' title='bbox 517 1320 671 1402; x_wconf 75' lang='lat' dir='ltr'>liberam,</span> <span class='ocrx_word' id='word_1_67' title='bbox 684 1324 829 1403; x_wconf 77' lang='lat' dir='ltr'>benche,</span> <span class='ocrx_word' id='word_1_68' title='bbox 844 1321 947 1390; x_wconf 89' lang='lat' dir='ltr'>adire</span> <span class='ocrx_word' id='word_1_69' title='bbox 961 1321 985 1388; x_wconf 92' lang='lat' dir='ltr'>il</span> <span class='ocrx_word' id='word_1_70' title='bbox 1001 1342 1096 1402; x_wconf 86' lang='lat' dir='ltr'>uem,</span> <span class='ocrx_word' id='word_1_71' title='bbox 1112 1343 1182 1387; x_wconf 89' lang='lat' dir='ltr'>non</span> <span class='ocrx_word' id='word_1_72' title='bbox 1197 1323 1230 1387; x_wconf 94' lang='lat' dir='ltr'>lo</span> <span class='ocrx_word' id='word_1_73' title='bbox 1243 1321 1376 1386; x_wconf 91' lang='lat' dir='ltr'>truouai</span> <span class='ocrx_word' id='word_1_74' title='bbox 1392 1331 1492 1387; x_wconf 90' lang='lat' dir='ltr'>tanto</span> <span class='ocrx_word' id='word_1_75' title='bbox 1505 1321 1622 1388; x_wconf 89' lang='lat' dir='ltr'>alieno</span> 
     </span>
     <span class='ocr_line' id='line_1_11' title="bbox 386 1435 1616 1521; baseline 0.002 -21"><span class='ocrx_word' id='word_1_76' title='bbox 386 1455 483 1504; x_wconf 86' lang='lat' dir='ltr'>come</span> <span class='ocrx_word' id='word_1_77' title='bbox 498 1437 521 1501; x_wconf 84' lang='lat' dir='ltr'>l&#39;</span> <span class='ocrx_word' id='word_1_78' title='bbox 541 1437 626 1504; x_wconf 87' lang='lat' dir='ltr'>altra</span> <span class='ocrx_word' id='word_1_79' title='bbox 642 1440 745 1504; x_wconf 89' lang='lat' dir='ltr'>uolta.</span> <span class='ocrx_word' id='word_1_80' title='bbox 765 1441 815 1506; x_wconf 93' lang='lat' dir='ltr'>Lo</span> <span class='ocrx_word' id='word_1_81' title='bbox 830 1437 965 1504; x_wconf 89' lang='lat' dir='ltr'>mandai</span> <span class='ocrx_word' id='word_1_82' title='bbox 981 1436 1095 1502; x_wconf 90' lang='lat' dir='ltr'>subito</span> <span class='ocrx_word' id='word_1_83' title='bbox 1110 1458 1175 1503; x_wconf 90' lang='lat' dir='ltr'>con</span> <span class='ocrx_word' id='word_1_84' title='bbox 1190 1435 1361 1504; x_wconf 90' lang='lat' dir='ltr'>Giovanni</span> <span class='ocrx_word' id='word_1_85' title='bbox 1382 1436 1497 1502; x_wconf 92' lang='lat' dir='ltr'>Paolo</span> <span class='ocrx_word' id='word_1_86' title='bbox 1513 1458 1616 1521; x_wconf 89' lang='lat' dir='ltr'>peru-</span> 
     </span>
     <span class='ocr_line' id='line_1_12' title="bbox 386 1546 1616 1636; baseline 0 -20"><span class='ocrx_word' id='word_1_87' title='bbox 386 1549 468 1636; x_wconf 87' lang='lat' dir='ltr'>gino</span> <span class='ocrx_word' id='word_1_88' title='bbox 489 1551 583 1617; x_wconf 79' lang='lat' dir='ltr'>&#39;con</span> <span class='ocrx_word' id='word_1_89' title='bbox 598 1573 644 1617; x_wconf 92' lang='lat' dir='ltr'>vn</span> <span class='ocrx_word' id='word_1_90' title='bbox 665 1552 805 1618; x_wconf 89' lang='lat' dir='ltr'>cocchio</span> <span class='ocrx_word' id='word_1_91' title='bbox 825 1553 931 1618; x_wconf 91' lang='lat' dir='ltr'>molto</span> <span class='ocrx_word' id='word_1_92' title='bbox 951 1546 1207 1618; x_wconf 86' lang='lat' dir='ltr'>accommodato</span> <span class='ocrx_word' id='word_1_93' title='bbox 1230 1549 1414 1632; x_wconf 89' lang='lat' dir='ltr'>aVienna‚</span> <span class='ocrx_word' id='word_1_94' title='bbox 1432 1561 1470 1618; x_wconf 89' lang='lat' dir='ltr'>et</span> <span class='ocrx_word' id='word_1_95' title='bbox 1494 1551 1616 1629; x_wconf 84' lang='lat' dir='ltr'>Panlo,</span> 
     </span>
     <span class='ocr_line' id='line_1_13' title="bbox 385 1664 1617 1750; baseline -0.002 -17"><span class='ocrx_word' id='word_1_96' title='bbox 385 1666 510 1750; x_wconf 81' lang='lat' dir='ltr'>perche</span> <span class='ocrx_word' id='word_1_97' title='bbox 526 1676 623 1732; x_wconf 87' lang='lat' dir='ltr'>staua</span> <span class='ocrx_word' id='word_1_98' title='bbox 638 1664 1059 1734; x_wconf 86' lang='lat' dir='ltr'>incommodissimamente</span> <span class='ocrx_word' id='word_1_99' title='bbox 1075 1686 1177 1732; x_wconf 88' lang='lat' dir='ltr'>senza</span> <span class='ocrx_word' id='word_1_100' title='bbox 1192 1665 1338 1746; x_wconf 82' lang='lat' dir='ltr'>medion,</span> <span class='ocrx_word' id='word_1_101' title='bbox 1351 1687 1454 1732; x_wconf 89' lang='lat' dir='ltr'>senza</span> <span class='ocrx_word' id='word_1_102' title='bbox 1466 1664 1617 1733; x_wconf 87' lang='lat' dir='ltr'>medici-</span> 
     </span>
     <span class='ocr_line' id='line_1_14' title="bbox 384 1779 1613 1867; baseline 0.002 -23"><span class='ocrx_word' id='word_1_103' title='bbox 384 1802 441 1861; x_wconf 88' lang='lat' dir='ltr'>ne,</span> <span class='ocrx_word' id='word_1_104' title='bbox 459 1790 495 1848; x_wconf 91' lang='lat' dir='ltr'>et</span> <span class='ocrx_word' id='word_1_105' title='bbox 510 1801 612 1847; x_wconf 90' lang='lat' dir='ltr'>senza</span> <span class='ocrx_word' id='word_1_106' title='bbox 623 1779 824 1867; x_wconf 86' lang='lat' dir='ltr'>prouigione</span> <span class='ocrx_word' id='word_1_107' title='bbox 836 1781 957 1848; x_wconf 88' lang='lat' dir='ltr'>alcuna</span> <span class='ocrx_word' id='word_1_108' title='bbox 968 1802 1028 1867; x_wconf 91' lang='lat' dir='ltr'>per</span> <span class='ocrx_word' id='word_1_109' title='bbox 1043 1781 1066 1846; x_wconf 90' lang='lat' dir='ltr'>l&#39;</span> <span class='ocrx_word' id='word_1_110' title='bbox 1080 1779 1250 1846; x_wconf 76' lang='lat' dir='ltr'>infermita</span> <span class='ocrx_word' id='word_1_111' title='bbox 1261 1801 1335 1860; x_wconf 87' lang='lat' dir='ltr'>sua,</span> <span class='ocrx_word' id='word_1_112' title='bbox 1349 1782 1430 1865; x_wconf 82' lang='lat' dir='ltr'>pero</span> <span class='ocrx_word' id='word_1_113' title='bbox 1440 1801 1515 1846; x_wconf 91' lang='lat' dir='ltr'>con</span> <span class='ocrx_word' id='word_1_114' title='bbox 1529 1801 1613 1846; x_wconf 93' lang='lat' dir='ltr'>con·</span> 
     </span>
     <span class='ocr_line' id='line_1_15' title="bbox 382 1893 1608 1982; baseline 0.001 -22"><span class='ocrx_word' id='word_1_115' title='bbox 382 1893 493 1980; x_wconf 88' lang='lat' dir='ltr'>seglio</span> <span class='ocrx_word' id='word_1_116' title='bbox 509 1895 543 1960; x_wconf 86' lang='lat' dir='ltr'>d’</span> <span class='ocrx_word' id='word_1_117' title='bbox 562 1917 609 1962; x_wconf 92' lang='lat' dir='ltr'>un</span> <span class='ocrx_word' id='word_1_118' title='bbox 625 1895 765 1982; x_wconf 86' lang='lat' dir='ltr'>giouine</span> <span class='ocrx_word' id='word_1_119' title='bbox 781 1895 888 1962; x_wconf 90' lang='lat' dir='ltr'>chesi</span> <span class='ocrx_word' id='word_1_120' title='bbox 904 1898 937 1963; x_wconf 86' lang='lat' dir='ltr'>fa</span> <span class='ocrx_word' id='word_1_121' title='bbox 952 1896 1083 1964; x_wconf 92' lang='lat' dir='ltr'>medico</span> <span class='ocrx_word' id='word_1_122' title='bbox 1099 1896 1134 1962; x_wconf 93' lang='lat' dir='ltr'>in</span> <span class='ocrx_word' id='word_1_123' title='bbox 1150 1897 1262 1982; x_wconf 89' lang='lat' dir='ltr'>quella</span> <span class='ocrx_word' id='word_1_124' title='bbox 1274 1905 1375 1976; x_wconf 82' lang='lat' dir='ltr'>terra,</span> <span class='ocrx_word' id='word_1_125' title='bbox 1389 1905 1424 1962; x_wconf 91' lang='lat' dir='ltr'>et</span> <span class='ocrx_word' id='word_1_126' title='bbox 1435 1917 1509 1962; x_wconf 94' lang='lat' dir='ltr'>con</span> <span class='ocrx_word' id='word_1_127' title='bbox 1522 1918 1608 1982; x_wconf 86' lang='lat' dir='ltr'>gran</span> 
     </span>
     <span class='ocr_line' id='line_1_16' title="bbox 382 2008 1610 2098; baseline 0.003 -26"><span class='ocrx_word' id='word_1_128' title='bbox 382 2008 550 2077; x_wconf 88' lang='lat' dir='ltr'>desiderio</span> <span class='ocrx_word' id='word_1_129' title='bbox 566 2031 640 2077; x_wconf 92' lang='lat' dir='ltr'>suo.</span> <span class='ocrx_word' id='word_1_130' title='bbox 659 2013 695 2078; x_wconf 93' lang='lat' dir='ltr'>lo</span> <span class='ocrx_word' id='word_1_131' title='bbox 710 2031 809 2098; x_wconf 89' lang='lat' dir='ltr'>spero</span> <span class='ocrx_word' id='word_1_132' title='bbox 829 2010 885 2076; x_wconf 90' lang='lat' dir='ltr'>nel</span> <span class='ocrx_word' id='word_1_133' title='bbox 901 2009 1047 2098; x_wconf 82' lang='lat' dir='ltr'>Signore</span> <span class='ocrx_word' id='word_1_134' title='bbox 1062 2015 1127 2080; x_wconf 90' lang='lat' dir='ltr'>che</span> <span class='ocrx_word' id='word_1_135' title='bbox 1146 2011 1179 2080; x_wconf 91' lang='lat' dir='ltr'>le</span> <span class='ocrx_word' id='word_1_136' title='bbox 1198 2031 1277 2078; x_wconf 85' lang='lat' dir='ltr'>cose</span> <span class='ocrx_word' id='word_1_137' title='bbox 1299 2009 1334 2076; x_wconf 93' lang='lat' dir='ltr'>di</span> <span class='ocrx_word' id='word_1_138' title='bbox 1356 2013 1435 2095; x_wconf 91' lang='lat' dir='ltr'>quel</span> <span class='ocrx_word' id='word_1_139' title='bbox 1456 2009 1610 2096; x_wconf 85' lang='lat' dir='ltr'>collegio</span> 
     </span>
     <span class='ocr_line' id='line_1_17' title="bbox 383 2122 1604 2212; baseline 0.001 -23"><span class='ocrx_word' id='word_1_140' title='bbox 383 2125 581 2192; x_wconf 80' lang='lat' dir='ltr'>auderanno</span> <span class='ocrx_word' id='word_1_141' title='bbox 602 2127 708 2208; x_wconf 84' lang='lat' dir='ltr'>bene,</span> <span class='ocrx_word' id='word_1_142' title='bbox 731 2136 766 2194; x_wconf 90' lang='lat' dir='ltr'>et</span> <span class='ocrx_word' id='word_1_143' title='bbox 786 2128 840 2192; x_wconf 92' lang='lat' dir='ltr'>col</span> <span class='ocrx_word' id='word_1_144' title='bbox 861 2136 974 2212; x_wconf 84' lang='lat' dir='ltr'>tempo</span> <span class='ocrx_word' id='word_1_145' title='bbox 994 2125 1023 2192; x_wconf 89' lang='lat' dir='ltr'>si</span> <span class='ocrx_word' id='word_1_146' title='bbox 1043 2129 1140 2212; x_wconf 79' lang='lat' dir='ltr'>potra</span> <span class='ocrx_word' id='word_1_147' title='bbox 1161 2122 1354 2194; x_wconf 87' lang='lat' dir='ltr'>transferire</span> <span class='ocrx_word' id='word_1_148' title='bbox 1375 2147 1394 2192; x_wconf 93' lang='lat' dir='ltr'>a</span> <span class='ocrx_word' id='word_1_149' title='bbox 1414 2125 1604 2212; x_wconf 85' lang='lat' dir='ltr'>Strigonia‚</span> 
     </span>
     <span class='ocr_line' id='line_1_18' title="bbox 380 2238 1605 2327; baseline 0.002 -25"><span class='ocrx_word' id='word_1_150' title='bbox 380 2238 495 2304; x_wconf 91' lang='lat' dir='ltr'>dando</span> <span class='ocrx_word' id='word_1_151' title='bbox 511 2239 606 2306; x_wconf 92' lang='lat' dir='ltr'>Iddio</span> <span class='ocrx_word' id='word_1_152' title='bbox 622 2240 757 2306; x_wconf 90' lang='lat' dir='ltr'>vittoria</span> <span class='ocrx_word' id='word_1_153' title='bbox 773 2241 829 2306; x_wconf 72' lang='lat' dir='ltr'>all*</span> <span class='ocrx_word' id='word_1_154' title='bbox 846 2240 1059 2327; x_wconf 86' lang='lat' dir='ltr'>imperatore.</span> <span class='ocrx_word' id='word_1_155' title='bbox 1075 2240 1113 2309; x_wconf 91' lang='lat' dir='ltr'>Si</span> <span class='ocrx_word' id='word_1_156' title='bbox 1124 2243 1144 2308; x_wconf 79' lang='lat' dir='ltr'>e</span> <span class='ocrx_word' id='word_1_157' title='bbox 1157 2240 1316 2306; x_wconf 90' lang='lat' dir='ltr'>mandato</span> <span class='ocrx_word' id='word_1_158' title='bbox 1328 2263 1388 2327; x_wconf 90' lang='lat' dir='ltr'>per</span> <span class='ocrx_word' id='word_1_159' title='bbox 1403 2240 1528 2309; x_wconf 85' lang='lat' dir='ltr'>ordine</span> <span class='ocrx_word' id='word_1_160' title='bbox 1540 2239 1605 2306; x_wconf 92' lang='lat' dir='ltr'>mio</span> 
     </span>
     <span class='ocr_line' id='line_1_19' title="bbox 381 2354 1604 2443; baseline 0.001 -25"><span class='ocrx_word' id='word_1_161' title='bbox 381 2354 425 2420; x_wconf 92' lang='lat' dir='ltr'>da</span> <span class='ocrx_word' id='word_1_162' title='bbox 449 2355 621 2439; x_wconf 88' lang='lat' dir='ltr'>Tyrnauia</span> <span class='ocrx_word' id='word_1_163' title='bbox 641 2355 664 2420; x_wconf 96' lang='lat' dir='ltr'>il</span> <span class='ocrx_word' id='word_1_164' title='bbox 684 2357 817 2423; x_wconf 80' lang='lat' dir='ltr'>fratello</span> <span class='ocrx_word' id='word_1_165' title='bbox 832 2355 1051 2443; x_wconf 86' lang='lat' dir='ltr'>Sigismondo</span> <span class='ocrx_word' id='word_1_166' title='bbox 1065 2358 1188 2424; x_wconf 88' lang='lat' dir='ltr'>boemo</span> <span class='ocrx_word' id='word_1_167' title='bbox 1210 2357 1235 2435; x_wconf 73' lang='lat'>³,</span> <span class='ocrx_word' id='word_1_168' title='bbox 1260 2376 1321 2440; x_wconf 90' lang='lat' dir='ltr'>per</span> <span class='ocrx_word' id='word_1_169' title='bbox 1336 2355 1498 2422; x_wconf 87' lang='lat' dir='ltr'>alleuiare</span> <span class='ocrx_word' id='word_1_170' title='bbox 1518 2356 1604 2422; x_wconf 87' lang='lat' dir='ltr'>della</span> 
     </span>
     <span class='ocr_line' id='line_1_20' title="bbox 379 2467 1600 2556; baseline 0.002 -24"><span class='ocrx_word' id='word_1_171' title='bbox 379 2467 519 2536; x_wconf 88' lang='lat' dir='ltr'>lettione</span> <span class='ocrx_word' id='word_1_172' title='bbox 534 2468 569 2534; x_wconf 93' lang='lat' dir='ltr'>di</span> <span class='ocrx_word' id='word_1_173' title='bbox 585 2470 752 2536; x_wconf 89' lang='lat' dir='ltr'>rhetorica</span> <span class='ocrx_word' id='word_1_174' title='bbox 768 2475 868 2538; x_wconf 90' lang='lat' dir='ltr'>Mtro.</span> <span class='ocrx_word' id='word_1_175' title='bbox 888 2474 1028 2540; x_wconf 91' lang='lat' dir='ltr'>Urbano</span> <span class='ocrx_word' id='word_1_176' title='bbox 1044 2472 1069 2551; x_wconf 79' lang='lat'>⁴,</span> <span class='ocrx_word' id='word_1_177' title='bbox 1086 2471 1111 2536; x_wconf 93' lang='lat' dir='ltr'>il</span> <span class='ocrx_word' id='word_1_178' title='bbox 1123 2472 1221 2556; x_wconf 91' lang='lat' dir='ltr'>quale</span> <span class='ocrx_word' id='word_1_179' title='bbox 1233 2471 1377 2537; x_wconf 90' lang='lat' dir='ltr'>essendo</span> <span class='ocrx_word' id='word_1_180' title='bbox 1389 2471 1600 2556; x_wconf 85' lang='lat' dir='ltr'>predicatore</span> 
     </span>
     <span class='ocr_line' id='line_1_21' title="bbox 380 2570 1657 2669; baseline 0 -19"><span class='ocrx_word' id='word_1_181' title='bbox 380 2583 569 2664; x_wconf 82' lang='lat' dir='ltr'>ordinario,</span> <span class='ocrx_word' id='word_1_182' title='bbox 596 2608 653 2653; x_wconf 91' lang='lat' dir='ltr'>era</span> <span class='ocrx_word' id='word_1_183' title='bbox 676 2585 816 2654; x_wconf 82' lang='lat' dir='ltr'>insieme</span> <span class='ocrx_word' id='word_1_184' title='bbox 840 2589 962 2654; x_wconf 90' lang='lat' dir='ltr'>lettore</span> <span class='ocrx_word' id='word_1_185' title='bbox 986 2587 1021 2653; x_wconf 93' lang='lat' dir='ltr'>di</span> <span class='ocrx_word' id='word_1_186' title='bbox 1042 2586 1219 2654; x_wconf 87' lang='lat' dir='ltr'>rhetorica.</span> <span class='ocrx_word' id='word_1_187' title='bbox 1239 2570 1407 2653; x_wconf 77' lang='lat' dir='ltr'>Eandato</span> <span class='ocrx_word' id='word_1_188' title='bbox 1427 2587 1462 2653; x_wconf 97' lang='lat' dir='ltr'>di</span> <span class='ocrx_word' id='word_1_189' title='bbox 1487 2589 1598 2652; x_wconf 87' lang='lat' dir='ltr'>buona</span> <span class='ocrx_word' id='word_1_190' title='bbox 1656 2635 1657 2669; x_wconf 33' lang='lat' dir='ltr'>q</span> 
     </span>
     <span class='ocr_line' id='line_1_22' title="bbox 378 2697 1596 2788; baseline 0.002 -25"><span class='ocrx_word' id='word_1_191' title='bbox 378 2697 518 2784; x_wconf 79' lang='lat' dir='ltr'>uoglia⁸</span> <span class='ocrx_word' id='word_1_192' title='bbox 533 2699 557 2765; x_wconf 93' lang='lat' dir='ltr'>il</span> <span class='ocrx_word' id='word_1_193' title='bbox 574 2701 705 2768; x_wconf 85' lang='lat' dir='ltr'>fratello</span> <span class='ocrx_word' id='word_1_194' title='bbox 718 2701 951 2787; x_wconf 86' lang='lat' dir='ltr'>Sigismond0,</span> <span class='ocrx_word' id='word_1_195' title='bbox 966 2713 1000 2770; x_wconf 90' lang='lat' dir='ltr'>et</span> <span class='ocrx_word' id='word_1_196' title='bbox 1012 2702 1035 2766; x_wconf 90' lang='lat' dir='ltr'>il</span> <span class='ocrx_word' id='word_1_197' title='bbox 1049 2705 1088 2768; x_wconf 91' lang='lat' dir='ltr'>P.</span> <span class='ocrx_word' id='word_1_198' title='bbox 1105 2700 1219 2768; x_wconf 89' lang='lat' dir='ltr'>Pietro</span> <span class='ocrx_word' id='word_1_199' title='bbox 1231 2703 1396 2788; x_wconf 87' lang='lat' dir='ltr'>Unghero</span> <span class='ocrx_word' id='word_1_200' title='bbox 1408 2702 1440 2767; x_wconf 94' lang='lat' dir='ltr'>lo</span> <span class='ocrx_word' id='word_1_201' title='bbox 1453 2703 1596 2768; x_wconf 90' lang='lat' dir='ltr'>doman-</span> 
     </span>
     <span class='ocr_line' id='line_1_23' title="bbox 376 2814 1656 2906; baseline -0.001 -27"><span class='ocrx_word' id='word_1_202' title='bbox 376 2814 421 2880; x_wconf 80' lang='lat' dir='ltr'>do</span> <span class='ocrx_word' id='word_1_203' title='bbox 437 2814 690 2900; x_wconf 87' lang='lat' dir='ltr'>specialmente‚</span> <span class='ocrx_word' id='word_1_204' title='bbox 708 2827 742 2883; x_wconf 92' lang='lat' dir='ltr'>et</span> <span class='ocrx_word' id='word_1_205' title='bbox 763 2839 843 2902; x_wconf 91' lang='lat' dir='ltr'>pare</span> <span class='ocrx_word' id='word_1_206' title='bbox 859 2820 924 2886; x_wconf 89' lang='lat' dir='ltr'>che</span> <span class='ocrx_word' id='word_1_207' title='bbox 944 2817 972 2883; x_wconf 90' lang='lat' dir='ltr'>si</span> <span class='ocrx_word' id='word_1_208' title='bbox 993 2817 1187 2897; x_wconf 87' lang='lat' dir='ltr'>confidaua,</span> <span class='ocrx_word' id='word_1_209' title='bbox 1205 2815 1363 2884; x_wconf 89' lang='lat' dir='ltr'>hauendo</span> <span class='ocrx_word' id='word_1_210' title='bbox 1389 2827 1481 2883; x_wconf 89' lang='lat' dir='ltr'>stato</span> <span class='ocrx_word' id='word_1_211' title='bbox 1504 2814 1595 2901; x_wconf 86' lang='lat' dir='ltr'>Sigi-</span> <span class='ocrx_word' id='word_1_212' title='bbox 1655 2857 1656 2906; x_wconf 39' lang='lat' dir='ltr'>q</span> 
     </span>
     <span class='ocr_line' id='line_1_24' title="bbox 376 2930 1595 3020; baseline -0.001 -25"><span class='ocrx_word' id='word_1_213' title='bbox 376 2930 520 2996; x_wconf 90' lang='lat' dir='ltr'>smondo</span> <span class='ocrx_word' id='word_1_214' title='bbox 533 2931 623 2998; x_wconf 90' lang='lat' dir='ltr'>nella</span> <span class='ocrx_word' id='word_1_215' title='bbox 634 2952 769 2998; x_wconf 89' lang='lat' dir='ltr'>camera</span> <span class='ocrx_word' id='word_1_216' title='bbox 780 2955 843 2998; x_wconf 87' lang='lat' dir='ltr'>sua</span> <span class='ocrx_word' id='word_1_217' title='bbox 854 2933 889 2998; x_wconf 92' lang='lat' dir='ltr'>in</span> <span class='ocrx_word' id='word_1_218' title='bbox 901 2932 1040 3020; x_wconf 86' lang='lat' dir='ltr'>Dilinga</span> <span class='ocrx_word' id='word_1_219' title='bbox 1052 2932 1148 3018; x_wconf 86' lang='lat' dir='ltr'>quasi</span> <span class='ocrx_word' id='word_1_220' title='bbox 1161 2942 1249 2997; x_wconf 91' lang='lat' dir='ltr'>tutto</span> <span class='ocrx_word' id='word_1_221' title='bbox 1261 2931 1284 2996; x_wconf 94' lang='lat' dir='ltr'>il</span> <span class='ocrx_word' id='word_1_222' title='bbox 1297 2943 1422 3018; x_wconf 90' lang='lat' dir='ltr'>tempo.</span> <span class='ocrx_word' id='word_1_223' title='bbox 1438 2934 1503 3001; x_wconf 88' lang='lat' dir='ltr'>Sta</span> <span class='ocrx_word' id='word_1_224' title='bbox 1514 2951 1595 2998; x_wconf 87' lang='lat' dir='ltr'>sano</span> 
     </span>
     <span class='ocr_line' id='line_1_25' title="bbox 374 3043 1655 3143; baseline 0 -31"><span class='ocrx_word' id='word_1_225' title='bbox 374 3043 605 3130; x_wconf 84' lang='lat' dir='ltr'>Sigismondo,</span> <span class='ocrx_word' id='word_1_226' title='bbox 621 3059 655 3114; x_wconf 92' lang='lat' dir='ltr'>et</span> <span class='ocrx_word' id='word_1_227' title='bbox 667 3049 686 3116; x_wconf 78' lang='grc' dir='ltr'>ὲ</span> <span class='ocrx_word' id='word_1_228' title='bbox 700 3060 794 3115; x_wconf 90' lang='lat' dir='ltr'>certo</span> <span class='ocrx_word' id='word_1_229' title='bbox 806 3051 870 3117; x_wconf 91' lang='lat' dir='ltr'>che</span> <span class='ocrx_word' id='word_1_230' title='bbox 887 3049 966 3132; x_wconf 92' lang='lat' dir='ltr'>quel</span> <span class='ocrx_word' id='word_1_231' title='bbox 982 3071 1113 3136; x_wconf 86' lang='lat' dir='ltr'>sangue</span> <span class='ocrx_word' id='word_1_232' title='bbox 1129 3051 1192 3114; x_wconf 93' lang='lat' dir='ltr'>che</span> <span class='ocrx_word' id='word_1_233' title='bbox 1209 3048 1318 3134; x_wconf 83' lang='lat' dir='ltr'>getto,</span> <span class='ocrx_word' id='word_1_234' title='bbox 1332 3058 1366 3114; x_wconf 90' lang='lat' dir='ltr'>et</span> <span class='ocrx_word' id='word_1_235' title='bbox 1378 3049 1448 3116; x_wconf 92' lang='lat' dir='ltr'>sole</span> <span class='ocrx_word' id='word_1_236' title='bbox 1461 3057 1592 3132; x_wconf 77' lang='lat' dir='ltr'>gettare</span> <span class='ocrx_word' id='word_1_237' title='bbox 1654 3099 1655 3143; x_wconf 34' lang='lat' dir='ltr'>q</span> 
     </span>
     <span class='ocr_line' id='line_1_26' title="bbox 374 3160 1585 3249; baseline 0.001 -25"><span class='ocrx_word' id='word_1_238' title='bbox 374 3160 495 3226; x_wconf 92' lang='lat' dir='ltr'>alcuna</span> <span class='ocrx_word' id='word_1_239' title='bbox 512 3162 615 3242; x_wconf 82' lang='lat' dir='ltr'>uolta,</span> <span class='ocrx_word' id='word_1_240' title='bbox 630 3165 649 3228; x_wconf 79' lang='grc' dir='ltr'>ὁ</span> <span class='ocrx_word' id='word_1_241' title='bbox 665 3163 754 3230; x_wconf 93' lang='lat' dir='ltr'>della</span> <span class='ocrx_word' id='word_1_242' title='bbox 770 3173 869 3243; x_wconf 88' lang='lat' dir='ltr'>testa,</span> <span class='ocrx_word' id='word_1_243' title='bbox 889 3174 924 3231; x_wconf 92' lang='lat' dir='ltr'>et</span> <span class='ocrx_word' id='word_1_244' title='bbox 941 3165 973 3228; x_wconf 95' lang='lat' dir='ltr'>lo</span> <span class='ocrx_word' id='word_1_245' title='bbox 989 3173 1085 3249; x_wconf 85' lang='lat' dir='ltr'>getta</span> <span class='ocrx_word' id='word_1_246' title='bbox 1100 3165 1155 3230; x_wconf 95' lang='lat' dir='ltr'>dal</span> <span class='ocrx_word' id='word_1_247' title='bbox 1171 3185 1266 3244; x_wconf 81' lang='lat' dir='ltr'>naso3</span> <span class='ocrx_word' id='word_1_248' title='bbox 1282 3183 1380 3248; x_wconf 88' lang='lat' dir='ltr'>spero</span> <span class='ocrx_word' id='word_1_249' title='bbox 1396 3165 1458 3230; x_wconf 89' lang='lat' dir='ltr'>che</span> <span class='ocrx_word' id='word_1_250' title='bbox 1475 3163 1506 3230; x_wconf 92' lang='lat' dir='ltr'>si</span> <span class='ocrx_word' id='word_1_251' title='bbox 1522 3162 1585 3228; x_wconf 91' lang='lat' dir='ltr'>aiu·</span> 
     </span>
     <span class='ocr_line' id='line_1_27' title="bbox 377 3277 946 3364; baseline 0.007 -24"><span class='ocrx_word' id='word_1_252' title='bbox 377 3277 448 3341; x_wconf 79' lang='lat' dir='ltr'>tara</span> <span class='ocrx_word' id='word_1_253' title='bbox 464 3295 529 3341; x_wconf 92' lang='lat' dir='ltr'>con</span> <span class='ocrx_word' id='word_1_254' title='bbox 546 3277 577 3344; x_wconf 94' lang='lat' dir='ltr'>la</span> <span class='ocrx_word' id='word_1_255' title='bbox 593 3277 703 3362; x_wconf 84' lang='lat' dir='ltr'>gratia</span> <span class='ocrx_word' id='word_1_256' title='bbox 718 3278 772 3346; x_wconf 90' lang='lat' dir='ltr'>del</span> <span class='ocrx_word' id='word_1_257' title='bbox 789 3277 946 3364; x_wconf 87' lang='lat' dir='ltr'>Signore.</span> 
     </span>
    </p>

    <p class='ocr_par' dir='ltr' id='par_1_6' title="bbox 439 3364 1654 3478">
     <span class='ocr_line' id='line_1_28' title="bbox 439 3364 1654 3478; baseline 0 -22"><span class='ocrx_word' id='word_1_258' title='bbox 439 3391 471 3456; x_wconf 87' lang='grc'>6.</span> <span class='ocrx_word' id='word_1_259' title='bbox 520 3393 573 3457; x_wconf 90' lang='lat' dir='ltr'>Da</span> <span class='ocrx_word' id='word_1_260' title='bbox 590 3392 762 3476; x_wconf 88' lang='lat' dir='ltr'>Tymauia</span> <span class='ocrx_word' id='word_1_261' title='bbox 779 3393 888 3478; x_wconf 87' lang='lat' dir='ltr'>passai</span> <span class='ocrx_word' id='word_1_262' title='bbox 904 3415 964 3478; x_wconf 91' lang='lat' dir='ltr'>per</span> <span class='ocrx_word' id='word_1_263' title='bbox 981 3393 1159 3477; x_wconf 89' lang='lat' dir='ltr'>Possonio,</span> <span class='ocrx_word' id='word_1_264' title='bbox 1173 3415 1270 3462; x_wconf 90' lang='lat' dir='ltr'>come</span> <span class='ocrx_word' id='word_1_265' title='bbox 1285 3397 1329 3460; x_wconf 93' lang='lat' dir='ltr'>ho</span> <span class='ocrx_word' id='word_1_266' title='bbox 1342 3396 1447 3473; x_wconf 86' lang='lat' dir='ltr'>detto,</span> <span class='ocrx_word' id='word_1_267' title='bbox 1461 3391 1592 3461; x_wconf 76' lang='lat' dir='ltr'>benche</span> <span class='ocrx_word' id='word_1_268' title='bbox 1653 3364 1654 3379; x_wconf 29' lang='lat'>¹</span> 
     </span>
    </p>
   </div>
   <div class='ocr_carea' id='block_1_5' title="bbox 378 3512 585 3527">
    <p class='ocr_par' dir='ltr' id='par_1_7' title="bbox 378 3512 585 3527">
     <span class='ocr_line' id='line_1_29' title="bbox 378 3512 585 3527; baseline 0 0"><span class='ocrx_word' id='word_1_269' title='bbox 378 3512 585 3527; x_wconf 69' lang='lat'>————-</span> 
     </span>
    </p>
   </div>
   <div class='ocr_carea' id='block_1_6' title="bbox 424 3555 1093 3632">
    <p class='ocr_par' dir='ltr' id='par_1_8' title="bbox 424 3555 1093 3632">
     <span class='ocr_line' id='line_1_30' title="bbox 424 3555 1093 3632; baseline 0.001 -19"><span class='ocrx_word' id='word_1_270' title='bbox 424 3568 440 3601; x_wconf 70' lang='lat'>²</span> <span class='ocrx_word' id='word_1_271' title='bbox 468 3555 485 3612; x_wconf 87' lang='lat'>3</span> <span class='ocrx_word' id='word_1_272' title='bbox 498 3561 588 3614; x_wconf 89' lang='lat' dir='ltr'>verba</span> <span class='ocrx_word' id='word_1_273' title='bbox 601 3577 686 3632; x_wconf 85' lang='lat' dir='ltr'>seqq.</span> <span class='ocrx_word' id='word_1_274' title='bbox 703 3559 814 3615; x_wconf 88' lang='lat' dir='ltr'>addidit</span> <span class='ocrx_word' id='word_1_275' title='bbox 828 3559 896 3615; x_wconf 92' lang='lat' dir='ltr'>libr.</span> <span class='ocrx_word' id='word_1_276' title='bbox 914 3578 1000 3632; x_wconf 88' lang='lat' dir='ltr'>supra</span> <span class='ocrx_word' id='word_1_277' title='bbox 1012 3578 1093 3616; x_wconf 84' lang='lat' dir='ltr'>vera.</span> 
     </span>
    </p>
   </div>
   <div class='ocr_carea' id='block_1_7' title="bbox 364 3699 1652 4752">
    <p class='ocr_par' dir='ltr' id='par_1_9' title="bbox 367 3699 1652 4218">
     <span class='ocr_line' id='line_1_31' title="bbox 423 3699 1583 3774; baseline 0.001 -20"><span class='ocrx_word' id='word_1_278' title='bbox 423 3699 431 3732; x_wconf 88' lang='lat'><strong>¹</strong></span> <span class='ocrx_word' id='word_1_279' title='bbox 469 3701 573 3756; x_wconf 87' lang='lat' dir='ltr'>Petrus</span> <span class='ocrx_word' id='word_1_280' title='bbox 586 3702 728 3770; x_wconf 88' lang='lat' dir='ltr'>Hernath,</span> <span class='ocrx_word' id='word_1_281' title='bbox 745 3715 777 3756; x_wconf 90' lang='lat'>10</span> <span class='ocrx_word' id='word_1_282' title='bbox 790 3701 927 3760; x_wconf 85' lang='lat' dir='ltr'>Octobris</span> <span class='ocrx_word' id='word_1_283' title='bbox 948 3702 1026 3773; x_wconf 87' lang='lat'>1566,</span> <span class='ocrx_word' id='word_1_284' title='bbox 1044 3704 1116 3757; x_wconf 89' lang='lat' dir='ltr'>haec</span> <span class='ocrx_word' id='word_1_285' title='bbox 1130 3703 1253 3774; x_wconf 84' lang='lat' dir='ltr'>Bargiae</span> <span class='ocrx_word' id='word_1_286' title='bbox 1271 3703 1433 3759; x_wconf 71' lang='lat' dir='ltr'>nuntiabat:</span> <span class='ocrx_word' id='word_1_287' title='bbox 1448 3703 1583 3759; x_wconf 88' lang='lat' dir='ltr'>«Decima</span> 
     </span>
     <span class='ocr_line' id='line_1_32' title="bbox 370 3789 1652 3864; baseline 0.008 -21"><span class='ocrx_word' id='word_1_288' title='bbox 370 3795 473 3844; x_wconf 88' lang='lat' dir='ltr'>octaua</span> <span class='ocrx_word' id='word_1_289' title='bbox 496 3789 624 3860; x_wconf 85' lang='lat' dir='ltr'>Augusti</span> <span class='ocrx_word' id='word_1_290' title='bbox 640 3797 801 3845; x_wconf 89' lang='lat' dir='ltr'>rectoratus</span> <span class='ocrx_word' id='word_1_291' title='bbox 818 3791 913 3846; x_wconf 86' lang='lat' dir='ltr'>officio</span> <span class='ocrx_word' id='word_1_292' title='bbox 930 3791 1012 3861; x_wconf 86' lang='lat' dir='ltr'>fungi</span> <span class='ocrx_word' id='word_1_293' title='bbox 1030 3793 1124 3864; x_wconf 91' lang='lat' dir='ltr'>coepi.</span> <span class='ocrx_word' id='word_1_294' title='bbox 1145 3793 1184 3846; x_wconf 90' lang='lat' dir='ltr'>R.</span> <span class='ocrx_word' id='word_1_295' title='bbox 1206 3793 1243 3848; x_wconf 92' lang='grc' dir='ltr'>Ρ.</span> <span class='ocrx_word' id='word_1_296' title='bbox 1264 3793 1480 3848; x_wconf 85' lang='lat' dir='ltr'>commissarius</span> <span class='ocrx_word' id='word_1_297' title='bbox 1498 3806 1582 3861; x_wconf 84' lang='lat' dir='ltr'>nego-</span> <span class='ocrx_word' id='word_1_298' title='bbox 1651 3819 1652 3853; x_wconf 79' lang='lat' dir='ltr'>l</span> 
     </span>
     <span class='ocr_line' id='line_1_33' title="bbox 369 3877 1580 3954; baseline 0 -22"><span class='ocrx_word' id='word_1_299' title='bbox 369 3878 442 3933; x_wconf 91' lang='lat' dir='ltr'>tium</span> <span class='ocrx_word' id='word_1_300' title='bbox 455 3878 573 3948; x_wconf 84' lang='lat' dir='ltr'>collegii</span> <span class='ocrx_word' id='word_1_301' title='bbox 586 3877 672 3948; x_wconf 89' lang='lat' dir='ltr'>hujus</span> <span class='ocrx_word' id='word_1_302' title='bbox 685 3879 823 3951; x_wconf 86' lang='lat' dir='ltr'>expedire</span> <span class='ocrx_word' id='word_1_303' title='bbox 837 3896 894 3934; x_wconf 90' lang='lat' dir='ltr'>non</span> <span class='ocrx_word' id='word_1_304' title='bbox 907 3879 1000 3951; x_wconf 92' lang='lat' dir='ltr'>potuit</span> <span class='ocrx_word' id='word_1_305' title='bbox 1013 3889 1129 3952; x_wconf 90' lang='lat' dir='ltr'>propter</span> <span class='ocrx_word' id='word_1_306' title='bbox 1141 3881 1303 3936; x_wconf 85' lang='lat' dir='ltr'>absentiam</span> <span class='ocrx_word' id='word_1_307' title='bbox 1316 3883 1405 3952; x_wconf 69' lang='lat' dir='ltr'>Rnl,</span> <span class='ocrx_word' id='word_1_308' title='bbox 1418 3881 1478 3954; x_wconf 90' lang='lat' dir='ltr'>qui,</span> <span class='ocrx_word' id='word_1_309' title='bbox 1493 3884 1530 3938; x_wconf 92' lang='lat' dir='ltr'>ob</span> <span class='ocrx_word' id='word_1_310' title='bbox 1541 3888 1580 3933; x_wconf 87' lang='lat' dir='ltr'>tu·</span> 
     </span>
     <span class='ocr_line' id='line_1_34' title="bbox 368 3967 1581 4044; baseline -0.002 -22"><span class='ocrx_word' id='word_1_311' title='bbox 368 3967 477 4022; x_wconf 86' lang='lat' dir='ltr'>multus</span> <span class='ocrx_word' id='word_1_312' title='bbox 497 3967 569 4022; x_wconf 86' lang='lat' dir='ltr'>istos</span> <span class='ocrx_word' id='word_1_313' title='bbox 587 3967 719 4040; x_wconf 84' lang='lat' dir='ltr'>bellicos,</span> <span class='ocrx_word' id='word_1_314' title='bbox 737 3985 803 4022; x_wconf 87' lang='lat' dir='ltr'>cum</span> <span class='ocrx_word' id='word_1_315' title='bbox 817 3969 961 4024; x_wconf 87' lang='lat' dir='ltr'>Caesarea</span> <span class='ocrx_word' id='word_1_316' title='bbox 979 3969 1131 4024; x_wconf 84' lang='lat' dir='ltr'>Maiestate</span> <span class='ocrx_word' id='word_1_317' title='bbox 1145 3970 1272 4040; x_wconf 85' lang='lat' dir='ltr'>negotiis</span> <span class='ocrx_word' id='word_1_318' title='bbox 1288 3971 1373 4040; x_wconf 84' lang='lat' dir='ltr'>regni</span> <span class='ocrx_word' id='word_1_319' title='bbox 1390 3969 1581 4044; x_wconf 88' lang='lat' dir='ltr'>praepeditus,</span> 
     </span>
     <span class='ocr_line' id='line_1_35' title="bbox 368 4044 1651 4128; baseline -0.002 -18"><span class='ocrx_word' id='word_1_320' title='bbox 368 4057 454 4127; x_wconf 89' lang='lat' dir='ltr'>paulo</span> <span class='ocrx_word' id='word_1_321' title='bbox 466 4064 622 4128; x_wconf 87' lang='lat' dir='ltr'>antequam</span> <span class='ocrx_word' id='word_1_322' title='bbox 641 4057 677 4110; x_wconf 89' lang='grc' dir='ltr'>Ρ.</span> <span class='ocrx_word' id='word_1_323' title='bbox 700 4057 811 4111; x_wconf 89' lang='lat' dir='ltr'>Natalis</span> <span class='ocrx_word' id='word_1_324' title='bbox 828 4057 863 4112; x_wconf 94' lang='lat' dir='ltr'>ad</span> <span class='ocrx_word' id='word_1_325' title='bbox 882 4073 934 4112; x_wconf 92' lang='lat' dir='ltr'>nos</span> <span class='ocrx_word' id='word_1_326' title='bbox 952 4057 1076 4122; x_wconf 89' lang='lat' dir='ltr'>ueniret,</span> <span class='ocrx_word' id='word_1_327' title='bbox 1090 4058 1216 4114; x_wconf 91' lang='lat' dir='ltr'>Posonio</span> <span class='ocrx_word' id='word_1_328' title='bbox 1232 4059 1391 4114; x_wconf 88' lang='lat' dir='ltr'>Taurinum</span> <span class='ocrx_word' id='word_1_329' title='bbox 1410 4075 1512 4115; x_wconf 89' lang='lat' dir='ltr'>uersus</span> <span class='ocrx_word' id='word_1_330' title='bbox 1529 4057 1580 4112; x_wconf 87' lang='lat' dir='ltr'>iam</span> <span class='ocrx_word' id='word_1_331' title='bbox 1650 4044 1651 4089; x_wconf 80' lang='lat' dir='ltr'>l</span> 
     </span>
     <span class='ocr_line' id='line_1_36' title="bbox 367 4143 1281 4218; baseline 0.004 -20"><span class='ocrx_word' id='word_1_332' title='bbox 367 4143 578 4200; x_wconf 79' lang='lat' dir='ltr'>discesserat.»</span> <span class='ocrx_word' id='word_1_333' title='bbox 593 4145 636 4198; x_wconf 83' lang='lat' dir='ltr'>Ex</span> <span class='ocrx_word' id='word_1_334' title='bbox 650 4147 840 4216; x_wconf 86' lang='lat' dir='ltr'>autographo,</span> <span class='ocrx_word' id='word_1_335' title='bbox 856 4146 885 4201; x_wconf 86' lang='lat' dir='ltr'>in</span> <span class='ocrx_word' id='word_1_336' title='bbox 901 4145 973 4214; x_wconf 71' lang='lat' dir='ltr'>Coei,</span> <span class='ocrx_word' id='word_1_337' title='bbox 986 4160 1026 4215; x_wconf 83' lang='lat'>29</span> <span class='ocrx_word' id='word_1_338' title='bbox 1033 4147 1077 4218; x_wconf 90' lang='lat' dir='ltr'>f),</span> <span class='ocrx_word' id='word_1_339' title='bbox 1094 4165 1126 4202; x_wconf 90' lang='lat' dir='ltr'>n.</span> <span class='ocrx_word' id='word_1_340' title='bbox 1144 4148 1179 4216; x_wconf 90' lang='lat'>76</span> <span class='ocrx_word' id='word_1_341' title='bbox 1193 4145 1281 4217; x_wconf 85' lang='lat'><strong>(383).</strong></span> 
     </span>
    </p>

    <p class='ocr_par' dir='ltr' id='par_1_10' title="bbox 364 4227 1650 4553">
     <span class='ocr_line' id='line_1_37' title="bbox 419 4233 1578 4307; baseline -0.001 -20"><span class='ocrx_word' id='word_1_342' title='bbox 419 4237 429 4267; x_wconf 76' lang='lat'><strong>²</strong></span> <span class='ocrx_word' id='word_1_343' title='bbox 466 4233 501 4287; x_wconf 90' lang='lat' dir='ltr'>In</span> <span class='ocrx_word' id='word_1_344' title='bbox 522 4234 655 4304; x_wconf 87' lang='lat' dir='ltr'>catalogo</span> <span class='ocrx_word' id='word_1_345' title='bbox 673 4234 901 4290; x_wconf 88' lang='lat' dir='ltr'>vindobonensis</span> <span class='ocrx_word' id='word_1_346' title='bbox 919 4233 1036 4306; x_wconf 86' lang='lat' dir='ltr'>collegii</span> <span class='ocrx_word' id='word_1_347' title='bbox 1053 4237 1126 4291; x_wconf 90' lang='lat' dir='ltr'>haec</span> <span class='ocrx_word' id='word_1_348' title='bbox 1143 4236 1180 4292; x_wconf 91' lang='lat' dir='ltr'>de</span> <span class='ocrx_word' id='word_1_349' title='bbox 1197 4237 1310 4307; x_wconf 91' lang='lat' dir='ltr'>Joanne</span> <span class='ocrx_word' id='word_1_350' title='bbox 1328 4237 1418 4292; x_wconf 89' lang='lat' dir='ltr'>Paulo</span> <span class='ocrx_word' id='word_1_351' title='bbox 1434 4237 1578 4292; x_wconf 86' lang='lat' dir='ltr'>habentur:</span> 
     </span>
     <span class='ocr_line' id='line_1_38' title="bbox 365 4323 1579 4398; baseline 0.006 -25"><span class='ocrx_word' id='word_1_352' title='bbox 365 4323 511 4393; x_wconf 71' lang='lat' dir='ltr'>«Joannes</span> <span class='ocrx_word' id='word_1_353' title='bbox 522 4323 640 4392; x_wconf 86' lang='lat' dir='ltr'>Paulus,</span> <span class='ocrx_word' id='word_1_354' title='bbox 652 4323 815 4394; x_wconf 86' lang='lat' dir='ltr'>perosinus,</span> <span class='ocrx_word' id='word_1_355' title='bbox 827 4324 941 4379; x_wconf 83' lang='lat' dir='ltr'>auditor</span> <span class='ocrx_word' id='word_1_356' title='bbox 951 4323 1162 4398; x_wconf 84' lang='lat' dir='ltr'>philosophiae,</span> <span class='ocrx_word' id='word_1_357' title='bbox 1174 4327 1307 4381; x_wconf 88' lang='lat' dir='ltr'>laborans</span> <span class='ocrx_word' id='word_1_358' title='bbox 1316 4325 1427 4397; x_wconf 83' lang='lat' dir='ltr'>phtysi,</span> <span class='ocrx_word' id='word_1_359' title='bbox 1436 4334 1466 4380; x_wconf 89' lang='lat' dir='ltr'>et</span> <span class='ocrx_word' id='word_1_360' title='bbox 1478 4327 1579 4397; x_wconf 77' lang='lat' dir='ltr'>Tyma·</span> 
     </span>
     <span class='ocr_line' id='line_1_39' title="bbox 364 4408 1649 4486; baseline 0.005 -23"><span class='ocrx_word' id='word_1_361' title='bbox 364 4409 412 4464; x_wconf 90' lang='lat' dir='ltr'>uia</span> <span class='ocrx_word' id='word_1_362' title='bbox 425 4408 557 4475; x_wconf 87' lang='lat' dir='ltr'>ueniens,</span> <span class='ocrx_word' id='word_1_363' title='bbox 572 4419 702 4466; x_wconf 88' lang='lat' dir='ltr'>mortuos</span> <span class='ocrx_word' id='word_1_364' title='bbox 715 4419 760 4466; x_wconf 86' lang='lat' dir='ltr'>est</span> <span class='ocrx_word' id='word_1_365' title='bbox 773 4412 820 4466; x_wconf 90' lang='lat' dir='ltr'>die</span> <span class='ocrx_word' id='word_1_366' title='bbox 835 4427 869 4480; x_wconf 86' lang='lat'>24</span> <span class='ocrx_word' id='word_1_367' title='bbox 882 4411 1010 4483; x_wconf 85' lang='lat' dir='ltr'>Augusti</span> <span class='ocrx_word' id='word_1_368' title='bbox 1027 4428 1103 4468; x_wconf 89' lang='lat' dir='ltr'>anno</span> <span class='ocrx_word' id='word_1_369' title='bbox 1123 4413 1219 4482; x_wconf 68' lang='lat' dir='ltr'>1566.r›</span> <span class='ocrx_word' id='word_1_370' title='bbox 1238 4415 1281 4468; x_wconf 84' lang='lat' dir='ltr'>Ex</span> <span class='ocrx_word' id='word_1_371' title='bbox 1295 4414 1454 4486; x_wconf 86' lang='lat' dir='ltr'>archetypo</span> <span class='ocrx_word' id='word_1_372' title='bbox 1466 4415 1578 4469; x_wconf 79' lang='lat' dir='ltr'>Romam</span> <span class='ocrx_word' id='word_1_373' title='bbox 1648 4431 1649 4434; x_wconf 45' lang='lat'>¹</span> 
     </span>
     <span class='ocr_line' id='line_1_40' title="bbox 364 4513 467 4553; baseline 0.01 -2"><span class='ocrx_word' id='word_1_374' title='bbox 364 4513 467 4553; x_wconf 80' lang='lat' dir='ltr'>misso.</span> 
     </span>
    </p>

    <p class='ocr_par' dir='ltr' id='par_1_11' title="bbox 415 4585 1648 4662">
     <span class='ocr_line' id='line_1_41' title="bbox 415 4585 1648 4662; baseline 0.005 -22"><span class='ocrx_word' id='word_1_375' title='bbox 415 4587 426 4618; x_wconf 79' lang='lat'><strong>³</strong></span> <span class='ocrx_word' id='word_1_376' title='bbox 463 4585 669 4657; x_wconf 82' lang='lat' dir='ltr'>Sigismundus</span> <span class='ocrx_word' id='word_1_377' title='bbox 682 4589 877 4654; x_wconf 88' lang='lat' dir='ltr'>Dominatius.</span> <span class='ocrx_word' id='word_1_378' title='bbox 893 4589 968 4645; x_wconf 93' lang='lat' dir='ltr'>Vide</span> <span class='ocrx_word' id='word_1_379' title='bbox 982 4590 1071 4662; x_wconf 90' lang='lat' dir='ltr'>epist.</span> <span class='ocrx_word' id='word_1_380' title='bbox 1089 4588 1153 4660; x_wconf 85' lang='lat'><strong>433,</strong></span> <span class='ocrx_word' id='word_1_381' title='bbox 1166 4607 1196 4644; x_wconf 88' lang='lat' dir='ltr'>n.</span> <span class='ocrx_word' id='word_1_382' title='bbox 1210 4603 1238 4658; x_wconf 91' lang='lat'>7.</span> <span class='ocrx_word' id='word_1_383' title='bbox 1647 4629 1648 4636; x_wconf 66' lang='lat'><strong>.</strong></span> 
     </span>
    </p>

    <p class='ocr_par' dir='ltr' id='par_1_12' title="bbox 412 4637 1648 4799">
     <span class='ocr_line' id='line_1_42' title="bbox 412 4675 1489 4752; baseline 0.004 -22"><span class='ocrx_word' id='word_1_384' title='bbox 412 4677 424 4708; x_wconf 83' lang='lat'><strong>⁴</strong></span> <span class='ocrx_word' id='word_1_385' title='bbox 461 4675 597 4731; x_wconf 89' lang='lat' dir='ltr'>Urbanus</span> <span class='ocrx_word' id='word_1_386' title='bbox 610 4677 764 4734; x_wconf 73' lang='lat' dir='ltr'>ZiffeleuS.</span> <span class='ocrx_word' id='word_1_387' title='bbox 782 4678 851 4749; x_wconf 86' lang='lat' dir='ltr'>Ejus</span> <span class='ocrx_word' id='word_1_388' title='bbox 864 4697 987 4734; x_wconf 84' lang='lat' dir='ltr'>examen</span> <span class='ocrx_word' id='word_1_389' title='bbox 1001 4679 1068 4734; x_wconf 90' lang='lat' dir='ltr'>vide</span> <span class='ocrx_word' id='word_1_390' title='bbox 1081 4680 1111 4734; x_wconf 89' lang='lat' dir='ltr'>in</span> <span class='ocrx_word' id='word_1_391' title='bbox 1126 4679 1221 4752; x_wconf 71' lang='lat' dir='ltr'>Epist.</span> <span class='ocrx_word' id='word_1_392' title='bbox 1236 4680 1359 4745; x_wconf 69' lang='lat' dir='ltr'>Natat„</span> <span class='ocrx_word' id='word_1_393' title='bbox 1372 4681 1413 4752; x_wconf 91' lang='lat'>11,</span> <span class='ocrx_word' id='word_1_394' title='bbox 1426 4679 1489 4749; x_wconf 83' lang='lat'><strong>588.</strong></span> 
     </span>
    </p>
   </div>
   <div class='ocr_carea' id='block_1_8' title="bbox 1631 5039 1646 5342">
    <p class='ocr_par' dir='ltr' id='par_1_13' title="bbox 1631 4829 1647 5342">
     <span class='ocr_line' id='line_1_43' title="bbox 1631 5039 1646 5342; baseline 0 -318"><span class='ocrx_word' id='word_1_395' title='bbox 1631 5039 1646 5342; x_wconf 41' lang='grc'><strong>1</strong></span> 
     </span>
    </p>
   </div>
   <div class='ocr_carea' id='block_1_9' title="bbox 0 0 1664 5376">
    <p class='ocr_par' dir='ltr' id='par_1_14' title="bbox 0 0 1664 5376">
     <span class='ocr_line' id='line_1_44' title="bbox 0 0 1664 5376; baseline 0 11"><span class='ocrx_word' id='word_1_396' title='bbox 0 0 1664 5376; x_wconf 95' lang='lat' dir='ltr'> </span> 
     </span>
    </p>
   </div>
  </div>
 </body>
</html>
