3318 5376
400 527 452 582 2⁶6
790 527 894 582 Errsr.
915 525 949 582 P.
970 523 1172 595 Nauna-437

363 701 401 746 se
416 700 485 744 non
497 677 545 745 sei
557 701 578 744 a
590 699 676 764 gran
690 699 788 763 pena.
807 677 1001 764 Guadagno
1017 682 1130 742 tamen
1142 675 1230 742 assai
1242 675 1449 760 (ὒεηεᾶἰείαε
1464 677 1602 740 Domi-

363 797 446 877 nus)
460 798 524 862 che
539 794 626 860 caud
641 813 704 859 suo
721 794 852 860 fratello
868 793 956 859 dalle
969 791 1059 860 mani
1070 792 1105 857 d’
1119 813 1163 856 vn
1177 790 1339 871 heretico,
1353 791 1385 856 al
1400 791 1501 875 quale
1512 813 1601 859 ser-

365 909 456 990 uiua,
475 919 510 978 et
525 908 583 996 gia
598 930 655 976 era
670 908 756 976 fatto
772 909 963 974 lutherano:
978 905 1009 973 ci
1026 908 1062 972 fu
1078 905 1167 973 assai
1184 905 1363 992 trauaglio,
1378 916 1413 973 et
1428 905 1451 970 li
1467 908 1597 972 mede-

363 1023 438 1090 simi
454 1023 558 1090 husiti
574 1024 630 1091 del
657 1031 775 1090 senato
790 1043 849 1108 per
869 1019 1028 1110 giusticia
1049 1021 1252 1098 ordinarono
1272 1025 1336 1088 che
1357 1022 1447 1089 fosse
1467 1022 1555 1090 dato
1574 1044 1596 1087 a

364 1137 592 1225 Sigismondo
612 1139 663 1204 Fu
680 1137 870 1206 conuertito
886 1136 1076 1204 facilmente
1092 1157 1157 1203 con
1172 1137 1204 1202 la
1220 1135 1330 1223 gratia
1350 1137 1405 1205 del
1421 1137 1594 1222 Signore‚

364 1264 399 1320 et
411 1254 447 1318 fu
464 1254 623 1320 mandato
639 1273 706 1319 con
721 1252 942 1339 Sigismondo
958 1275 977 1319 a
993 1252 1138 1333 Vienna,
1157 1262 1192 1320 et
1204 1263 1301 1338 posto
1313 1253 1369 1318 nel
1384 1251 1534 1338 collegio
1547 1253 1597 1320 de

365 1367 483 1453 poueri
498 1379 627 1449 nostro,
645 1369 701 1434 nel
714 1368 899 1436 medesimo
915 1369 1015 1434 modo
1030 1369 1073 1435 de
1088 1367 1138 1454 gli
1153 1367 1229 1434 altri
1245 1367 1377 1454 poueri‚
1392 1378 1427 1434 et
1440 1367 1484 1434 mi
1501 1368 1599 1434 scri-

367 1502 456 1548 ueno
471 1485 535 1548 che
550 1492 602 1548 sta
619 1484 724 1548 molto
739 1493 914 1549 contento.

433 1599 463 1664 8.
509 1599 562 1664 Da
576 1600 687 1684 Praga
699 1598 801 1667 venni
814 1621 834 1664 a
846 1599 1036 1678 Casanoua,
1051 1600 1106 1664 ch’
1123 1599 1224 1664 euna
1236 1607 1325 1666 terra
1337 1599 1440 1665 molto
1453 1619 1596 1685 grossa,

371 1731 410 1794 14
426 1711 544 1798 miglia
557 1712 601 1780 da
629 1715 753 1798 Praga,
776 1713 873 1798 quasi
899 1734 1000 1779 uerso
1020 1712 1044 1778 il
1063 1711 1198 1780 camino
1219 1712 1254 1778 di
1274 1713 1418 1780 Vienna.
1446 1715 1514 1780 Era
1537 1716 1597 1782 del

366 1826 567 1896 cancellario
582 1826 617 1893 di
639 1827 788 1910 Boemia‚
807 1849 951 1914 persona
966 1828 1070 1895 molto
1085 1827 1251 1894 catholiea
1271 1831 1292 1912 ¹,
1311 1839 1346 1896 et
1361 1830 1481 1896 adesso
1497 1831 1519 1896 ὲ
1536 1831 1595 1897 del

367 1942 509 2030 figliolo,
528 1942 697 2010 catholico
713 1947 821 2010 anche
837 1945 861 2008 ¹.
881 1943 951 2028 Qui
966 1943 1000 2008 in
1018 1965 1086 2009 una
1101 1954 1198 2028 parte
1213 1954 1359 2012 estrema
1374 1945 1461 2011 della
1483 1953 1593 2026 terra,

368 2058 403 2123 fu
419 2058 576 2126 edificato
594 2079 641 2125 un
657 2058 859 2125 monasterio
875 2059 917 2124 de
934 2057 1010 2124 frati
1026 2057 1148 2124 minori
1165 2059 1198 2124 d'
1216 2079 1430 2140 osseruanza,
1453 2061 1511 2126 dal
1528 2081 1594 2146 pa·

367 2173 429 2240 dre
444 2172 478 2238 di
496 2195 563 2239 una
579 2172 717 2260 signora
728 2172 869 2240 vecchia
881 2174 906 2252 ³,
920 2175 984 2239 che
996 2177 1040 2239 ha
1053 2174 1085 2239 la
1100 2194 1179 2240 casa
1194 2195 1355 2259 appresso
1368 2175 1399 2240 al
1415 2185 1595 2242 monaste·

370 2288 431 2368 rio,
449 2299 484 2354 et
500 2299 553 2354 sta
568 2287 706 2356 retirata
722 2288 834 2354 lacon
854 2289 975 2354 alcune
998 2287 1130 2374 vergini
1145 2287 1262 2354 nobili:
1288 2311 1372 2354 sono
1387 2289 1521 2375 parenti
1537 2289 1594 2355 del

369 2402 507 2489 signore
522 2403 610 2468 della
626 2411 726 2469 terra.
742 2404 873 2487 Questa
891 2402 1062 2488 signorae
1084 2404 1187 2469 molto
1203 2403 1332 2484 diuota,
1350 2406 1439 2470 etha
1454 2404 1595 2470 deside-

370 2531 444 2584 rato
459 2530 493 2586 et
505 2529 697 2604 procurato,
712 2539 771 2604 per
783 2539 898 2584 mezzo
910 2518 965 2586 del
980 2518 1163 2604 preposito,
1181 2521 1245 2585 che
1258 2521 1336 2604 quel
1352 2520 1560 2586 monasterio
1579 2530 1594 2561 ⁸

370 2634 459 2700 fosse
475 2631 644 2719 applicato
660 2656 681 2700 a
695 2635 729 2700 la
743 2633 968 2720 Compagnia,
982 2635 1215 2720 protendendo
1226 2637 1353 2703 hauere
1373 2657 1419 2701 un
1435 2634 1594 2720 predica-

370 2758 444 2816 tore
458 2749 501 2815 de
524 2748 631 2815 nostri
653 2759 688 2815 et
708 2748 821 2816 alcuni
841 2747 927 2815 altri.
950 2750 1002 2816 Fu
1018 2750 1178 2816 mandato
1198 2750 1221 2815 il
1246 2753 1285 2818 P.
1309 2751 1497 2836 Wolfango
1520 2752 1546 2830 ⁴,
1570 2749 1591 2814 il

367 2864 467 2947 quale
483 2885 547 2930 eon
563 2863 712 2931 dificolta
727 2876 824 2932 staua
844 2863 878 2929 in
897 2867 1019 2949 Praga.
1046 2866 1108 2932 Sta
1123 2865 1156 2931 la
1171 2866 1244 2932 solo
1259 2886 1324 2932 con
1347 2887 1394 2931 un
1410 2875 1510 2950 putto
1528 2867 1591 2932 che
1657 2841 1658 2919 i

367 2978 399 3043 lo
415 2999 527 3062 serue,
545 2978 647 3046 cheli
663 2978 763 3047 diede
779 2978 801 3043 il
823 2977 1006 3064 preposito,
1025 2989 1060 3046 et
1074 3001 1119 3045 vn
1136 2980 1278 3048 vecchio
1294 2983 1348 3047 ch’
1366 2982 1386 3046 ἐ
1402 2980 1589 3066 portinaro‚

368 3102 402 3161 et
418 3115 516 3161 serue
532 3094 621 3161 nella
636 3094 775 3177 chiesia‚
793 3105 827 3161 et
843 3117 890 3162 un
906 3093 1069 3161 cittadino
1084 3095 1173 3161 della
1186 3105 1274 3162 terra
1285 3099 1330 3162 ha
1341 3117 1423 3162 cura
1435 3095 1516 3162 delli
1529 3117 1588 3182 pa·
1656 3109 1657 3173 t

368 3207 511 3277 ramenti
532 3209 620 3275 della
640 3209 766 3291 chiesa,
788 3213 852 3276 che
872 3231 957 3276 sono
984 3209 1079 3276 molti
1106 3220 1141 3276 et
1162 3209 1378 3290 ricchissimi‚
1403 3213 1467 3278 che
1484 3213 1586 3278 Mtr0.

367 3323 553 3412 Wolfango
569 3346 638 3391 non
654 3326 749 3392 uolse
765 3327 917 3393 hauerne
943 3347 1038 3406 cura,
1056 3346 1116 3411 per
1131 3346 1224 3391 esser
1240 3327 1345 3392 molto
1360 3325 1541 3411 pericolosi
1556 3323 1586 3390 di
1655 3385 1656 3425 ἶ

366 3438 516 3524 perdersi
533 3441 654 3507 alcuna
670 3463 761 3507 cosa.
781 3443 829 3508 La
844 3439 971 3509 chiesia
986 3441 1006 3507 ὁ
1021 3440 1126 3506 molto
1146 3440 1247 3520 bella,
1266 3451 1300 3508 et
1316 3441 1338 3505 l'
1357 3443 1456 3506 horto
1472 3440 1588 3507 bellis-

367 3553 463 3633 simo,
482 3564 516 3622 et
536 3555 756 3642 amplissimo,
781 3567 815 3624 et
835 3555 935 3642 pieno
951 3555 985 3622 di
1001 3555 1106 3623 alberi
1131 3554 1303 3636 fruttiferi,
1321 3565 1356 3622 et
1378 3557 1422 3622 da
1439 3557 1531 3623 feno.
1551 3557 1587 3620 L'

367 3668 576 3736 habitatione
602 3671 691 3737 della
717 3692 796 3738 casa
816 3671 904 3738 assai
930 3672 1108 3738 commoda
1135 3681 1169 3737 et
1193 3672 1323 3757 grande
1344 3693 1403 3758 per
1428 3689 1464 3755 15
1487 3692 1509 3736 o
1535 3689 1585 3738 20.

369 3783 509 3850 Prodica
521 3783 556 3849 in
568 3785 681 3870 quella
692 3785 819 3854 chiesia
832 3784 854 3852 il
868 3788 907 3852 P.
923 3786 1109 3872 Wolfango
1128 3785 1157 3868 θ,
1171 3796 1206 3852 et
1222 3787 1344 3853 alcuna
1359 3788 1452 3854 uolta
1464 3807 1586 3853 ancora
1653 3869 1654 3874 ἵ

367 3899 456 3964 nella
467 3898 581 3967 chiesa
593 3901 769 3988 maggiore
780 3902 868 3968 della
880 3912 980 3968 terra.
995 3901 1081 3971 Dice
1094 3923 1203 3970 messa
1214 3901 1296 3988 ogni
1309 3901 1461 3988 giornoa
1477 3901 1587 3986 quelle
1653 3899 1654 3931 ³

422 4112 438 4145 ι
466 4103 501 4156 In
523 4119 617 4174 marg.
639 4103 709 4160 libr.
735 4104 856 4161 addidit:
877 4107 988 4175 Questo
1011 4107 1194 4162 monasterio
1215 4107 1230 4161 e?
1251 4107 1299 4162 del
1320 4111 1398 4162 tutto
1418 4107 1590 4161 desolato-
1652 4131 1653 4185 t

368 4191 516 4260 boverba
530 4209 615 4265 seqq.
633 4192 744 4249 addidit
757 4193 826 4250 libr.
843 4193 873 4248 in
887 4211 979 4265 marg.

370 4303 581 4317 ἡ

424 4369 431 4401 ’
470 4369 638 4439 Joechimus
651 4368 689 4425 de
701 4369 868 4426 Cesanova.
886 4370 1039 4440 Serimon,
1054 4373 1111 4427 loc.
1124 4371 1195 4443 cit.,
1209 4373 1262 4429 lib.
1278 4372 1332 4446 111,
1347 4390 1381 4429 n.
1397 4372 1446 4442 4⁶·
1651 4371 1652 4437 i

421 4458 433 4490 ¹
471 4455 602 4513 Ademus
615 4457 653 4513 de
665 4458 829 4515 casanova.
845 4457 920 4514 Ibid.
1140 4463 1152 4496 ³
1188 4463 1275 4517 Anna
1292 4462 1425 4518 nomine.
1441 4459 1519 4517 lbid.

422 4545 434 4577 ⁸
471 4544 596 4600 «Missus
610 4553 656 4600 est
674 4547 796 4603 ineunte
813 4546 890 4618 Majo
907 4547 1016 4602 Doctor
1039 4547 1260 4622 Wolffgangue
1275 4547 1384 4617 senior,
1400 4567 1458 4606 non
1475 4549 1524 4606 ille
1539 4548 1586 4602 hoc

367 4647 444 4687 anno
457 4641 576 4688 creatus
589 4633 742 4699 Sacerdos,
757 4635 810 4692 ted
827 4634 901 4692 alius
915 4635 1109 4709 cognominis,
1122 4638 1210 4694 etiam
1223 4636 1286 4711 ipse
1304 4638 1398 4694 Tinna
1410 4639 1440 4695 in
1452 4633 1586 4694 Bohamt'ss
1650 4609 1651 4689 i

367 4728 486 4777 ortuo.»
500 4721 579 4778 lbid.

1642 5227 1648 5336 i
