3404 5380
380 499 432 540 zoa
768 485 874 540 Enisa.
893 483 927 538 P.
948 482 1152 553 Nirea-417

341 637 389 703 mi
412 639 548 704 haueua
567 637 698 722 parlato
718 637 762 704 de
783 647 880 723 parte
899 635 955 702 del
978 657 1082 722 papa,
1105 637 1447 704 raccomandandomi
1472 637 1504 704 11
1529 638 1609 704 dar-

344 752 581 821 sodisfattione
597 753 629 818 al
645 773 794 821 vescouo
809 751 843 817 di
860 750 1037 819 Olomutio
1053 754 1076 832 ¹,
1094 753 1123 818 s'
1140 753 1161 820 ὁ
1176 773 1240 838 pur
1256 764 1452 821 contentato
1466 755 1550 820 che
1568 753 1603 818 si

345 868 507 937 scriuessi
526 890 546 935 a
567 869 609 936 V.
631 870 693 948 R.,
715 867 809 935 accio
832 865 1030 934 trouandosi
1053 868 1142 934 nella
1165 868 1340 954 prouincia
1362 867 1396 935 di
1416 867 1599 948 Austria,

346 983 482 1053 uedessi
498 985 578 1068 quei
595 986 659 1050 che
673 983 703 1050 si
723 981 849 1078 potessi
871 993 906 1051 et
926 982 1066 1050 douessi
1090 983 1161 1051 fare
1181 985 1234 1069 pel
1255 983 1412 1070 maggior
1431 982 1601 1052 seruitio

345 1099 475 1167 diuino.
500 1101 672 1167 Potrebbe
696 1120 790 1168 esser
818 1101 927 1166 anche
950 1100 1014 1166 che
1035 1098 1063 1165 si
1085 1097 1256 1167 mandassi
1276 1121 1324 1165 un
1345 1100 1502 1186 giouane
1531 1099 1600 1166 del

346 1214 495 1301 collegio
510 1209 720 1301 germanioe,
738 1217 802 1280 che
818 1214 876 1301 gia
897 1213 988 1281 tiene
1008 1235 1056 1282 un
1072 1237 1162 1281 anno
1177 1214 1212 1280 di
1233 1213 1417 1302 theologia,
1436 1237 1505 1302 per
1525 1215 1602 1280 dar

348 1330 493 1417 qualche
509 1328 605 1396 aiuto
618 1329 650 1395 al
666 1351 815 1398 vescouo
825 1339 859 1396 ⁸.

415 1446 447 1511 8.
495 1446 522 1511 11
538 1445 749 1532 prouinciale
767 1445 822 1511 del
845 1446 993 1512 Rheno·
1012 1454 1139 1511 mostra
1159 1444 1329 1512 desiderio
1344 1447 1387 1512 de
1406 1448 1526 1512 hauet
1544 1444 1601 1510 ri-

349 1571 465 1646 sposta
480 1581 581 1646 sopra
596 1559 620 1624 il
636 1559 783 1646 collegio
800 1559 835 1624 di
851 1559 963 1646 Spira.
984 1560 1098 1628 Credo
1111 1562 1158 1627 V.
1178 1561 1219 1626 R.
1236 1560 1338 1646 gliela
1350 1561 1478 1628 hauerh
1498 1561 1601 1626 dato

350 1699 411 1763 per
426 1676 558 1756 lettere,
577 1699 598 1742 o
614 1697 697 1742 uero
713 1675 816 1762 gliela
832 1676 914 1744 dara
929 1697 972 1742 en
985 1675 1167 1762 presentia,
1182 1676 1318 1762 quando
1331 1674 1465 1762 piacera
1479 1698 1504 1742 a
1518 1675 1599 1743 Dio

350 1793 478 1859 Nostro
493 1791 619 1879 Signor
635 1795 700 1859 che
715 1813 814 1878 passe
829 1812 890 1877 per
904 1793 944 1857 la.
964 1792 990 1856 11
1007 1794 1046 1858 P.
1066 1790 1182 1859 Pietro
1198 1793 1294 1860 Phae
1309 1794 1418 1860 anche
1432 1792 1597 1858 doman-

351 1906 395 1973 da
411 1928 476 1974 con
492 1907 583 1974 assai
598 1906 752 1994 ragione,
770 1907 929 1974 hauendo
945 1906 1096 1973 mandati
1116 1906 1229 1972 alcuni
1249 1906 1355 1972 buoni
1374 1906 1536 1993 soggetti
1554 1905 1594 1971 di

352 2044 415 2089 sua
430 2021 602 2108 prouintia
617 2021 653 2087 in
670 2025 890 2108 Brunsperga
902 2023 927 2103 ³3
945 2021 981 2088 in
996 2023 1073 2088 loco
1092 2022 1126 2089 di
1142 2023 1243 2108 quellj
1262 2024 1306 2090 V.
1322 2023 1364 2088 R.
1382 2022 1470 2090 ueda
1487 2043 1533 2091 se
1551 2039 1594 2088 se

353 2138 376 2203 li
392 2141 491 2224 potra
507 2137 710 2225 compiacer,
728 2138 886 2206 hauendo
902 2139 1027 2205 andato
1043 2137 1078 2203 in
1094 2159 1157 2204 suo
1169 2139 1244 2205 loco
1257 2139 1280 2204 11
1290 2138 1404 2204 dottor
1415 2139 1592 2216 Astense,

353 2275 414 2340 per
433 2254 586 2339 predicar
603 2251 639 2319 in
654 2254 734 2338 quel
748 2252 905 2338 collegio.
924 2254 1003 2320 Non
1018 2273 1157 2319 occorre
1172 2252 1248 2319 dini
1264 2253 1350 2319 altro
1370 2274 1430 2339 per
1444 2261 1592 2335 questa,

354 2392 392 2436 se
409 2390 480 2435 non
495 2370 559 2436 che
574 2367 787 2436 desideramo
803 2369 909 2434 hauet
925 2369 1039 2435 buone
1054 2389 1169 2436 nuoue
1184 2368 1274 2436 della
1289 2367 1399 2435 sanita
1414 2367 1448 2433 di
1461 2368 1509 2434 V.
1528 2367 1592 2444 R,

356 2486 446 2551 nelle
462 2483 518 2550 cui
535 2483 678 2550 orationi
693 2493 728 2550 et
743 2483 900 2550 sacrificii
916 2493 950 2551 et
965 2483 1022 2550 del
1039 2486 1078 2550 P.
1097 2483 1262 2551 Ximenez
1278 2485 1383 2550 molto
1401 2482 1448 2548 mi
1464 2503 1593 2550 racco-

355 2600 480 2666 mando
495 2621 560 2667 con
577 2609 666 2666 tutta
686 2609 807 2684 questa
827 2619 906 2666 casa
922 2610 957 2667 et
972 2598 1122 2685 collegij.
1140 2600 1194 2667 De
1209 2600 1333 2679 Roma,
1351 2596 1375 2664 li
1392 2615 1434 2682 23
1455 2598 1489 2663 di
1515 2599 1594 2664 Lu-

355 2715 426 2802 glio
446 2715 542 2798 1566.
564 2717 608 2782 D.
626 2716 670 2781 V.
689 2716 731 2782 R.
750 2714 864 2783 sieruo
876 2737 921 2782 en
936 2715 1013 2795 X.⁰,

1184 2831 1212 2896 F
1215 2849 1402 2898 nnncrsco

424 2946 535 3012 Padre
553 2945 582 3027 b,
601 2955 706 3031 tenga
722 2955 847 3013 cuenta
862 2965 929 3010 con
949 2965 990 3010 su
1006 2945 1117 3024 salud,
1140 2965 1207 3030 que
1228 2950 1289 3011 aca
1308 2947 1341 3012 la
1362 2949 1457 3012 terne
1477 2967 1526 3030 yo
1546 2945 1592 3010 de

357 3060 558 3147 proueherle
579 3082 622 3128 en
644 3061 723 3126 todo
743 3059 776 3126 1ο
804 3081 872 3144 que
891 3059 1055 3145 pudiere;
1078 3069 1222 3146 ytenga
1242 3061 1332 3127 huen
1350 3059 1478 3140 animo,
1505 3059 1591 3146 quel

358 3175 469 3244 Settor
483 3175 634 3260 ajudara,
652 3198 675 3262 y
690 3196 754 3242 con
771 3197 812 3242 su
828 3175 945 3262 gracia
959 3197 1026 3242 van
1043 3173 1121 3244 bien
1137 3181 1199 3242 aea
1214 3176 1263 3242 las
1279 3197 1389 3244 cosae

425 3291 611 3376 Inscriptio
626 3293 665 3356 in
681 3297 807 3376 quarto
817 3291 956 3378 pagina
972 3314 982 3356 .·
997 3289 1020 3379 †
1037 3291 1082 3358 Α1
1098 3290 1204 3358 molto
1221 3292 1308 3358 Rdo.
1333 3291 1368 3358 in
1390 3293 1456 3359 X.⁰
1477 3291 1593 3358 Padre

359 3406 383 3472 11
400 3409 440 3474 Ρ.
460 3409 528 3474 M.⁰
545 3407 747 3475 Hieronimo
775 3408 909 3488 Natale,
939 3406 1113 3474 visitatore
1140 3406 1230 3475 delle
1253 3417 1389 3492 quattro
1411 3403 1594 3493 prouincie

412 3585 429 3618 ⁸
467 3576 501 3631 In
514 3574 644 3632 secundo
657 3577 767 3631 archet.
788 3583 951 3648 sequuntur
967 3577 1052 3647 haec,
1065 3575 1190 3646 Borgiae
1208 3593 1297 3630 manu
1310 3573 1423 3631 addita:
1436 3573 1504 3630 Mas
1522 3575 1593 3631 todo

359 3669 420 3720 esto
432 3665 530 3735 queda
551 3665 584 3719 al
594 3663 695 3736 juizio
707 3666 743 3720 de
763 3664 799 3720 V.
827 3665 919 3719 R.·b
940 3665 1006 3719 Hoc
1022 3667 1106 3720 verb.
1125 3672 1156 3719 et
1173 3681 1259 3738 seqq.
1281 3681 1374 3738 usque
1390 3663 1428 3720 ad
1443 3663 1499 3719 fin.
1521 3669 1591 3720 sunt

362 3771 450 3809 manu
462 3753 588 3824 Borgiae
606 3753 728 3826 scripta.

417 3901 425 3934 ¹
463 3896 894 3970 GuilielmusPrussinowsky.

415 3990 427 4023 ¹
465 3987 613 4042 Antonius
626 3985 736 4042 Vinck.

416 4077 427 4109 ³
464 4075 499 4132 Id
511 4085 568 4144 est,
582 4077 646 4148 ipse
660 4074 848 4146 provincialis
861 4076 1007 4131 rhenanae
1025 4074 1192 4148 provinciae
1210 4075 1348 4146 postulat,
1366 4081 1399 4129 ut
1416 4072 1473 4130 sibi
1491 4072 1594 4130 redda-

364 4175 411 4220 tur
423 4165 462 4220 P.
478 4165 584 4220 Petrus
598 4165 687 4229 Phae,
702 4164 732 4220 in
744 4163 1015 4237 compensationem
1028 4181 1140 4235 eorum,
1158 4179 1232 4235 quos
1250 4161 1330 4219 misit
1346 4163 1593 4235 Braunsbergam‚

363 4261 397 4310 ut
413 4253 520 4309 clarius
537 4253 645 4309 dicitur
664 4253 694 4308 in
712 4253 837 4327 epistola
854 4253 891 4308 ad
908 4251 1018 4308 dictum
1041 4252 1249 4327 provincialem
1272 4251 1376 4308 eodem
1395 4251 1444 4307 die
1466 4250 1502 4306 23
1524 4250 1593 4324 Jutii

364 4342 442 4398 data:
458 4343 517 4397 «La
529 4342 696 4415 prouisione
708 4341 783 4398 satta
795 4361 848 4416 per
860 4343 880 4399 11
897 4342 1023 4416 collegio
1036 4343 1067 4399 di
1079 4343 1183 4398 Prusia
1195 4341 1222 4398 ci
1234 4341 1272 4396 da
1285 4341 1362 4398 assai
1379 4339 1593 4405 sodisfattione,

365 4440 476 4504 quanto
488 4433 546 4487 alla
557 4448 627 4487 cosa
639 4432 669 4487 in
683 4448 727 4501 se,
745 4442 776 4486 et
792 4441 902 4505 quanto
920 4433 977 4488 alla
994 4440 1150 4505 prontezza
1167 4439 1198 4487 et
1215 4430 1373 4488 deuotione
1389 4447 1446 4486 con
1463 4431 1520 4485 che
1537 4427 1593 4485 sie

365 4519 449 4590 fatta3
463 4529 494 4576 et
506 4520 537 4576 in
550 4521 614 4576 loco
625 4519 656 4576 di
668 4519 759 4594 quelli
771 4523 826 4576 che
844 4522 870 4577 si
888 4520 1042 4588 mendeno,
1059 4521 1099 4577 mi
1117 4537 1187 4593 pare
1204 4521 1295 4576 molto
1311 4519 1502 4590 ragioneuoie
1520 4514 1592 4575 torni

364 4609 385 4666 11
403 4609 437 4665 Ρ.
456 4609 555 4665 Pietro
572 4610 662 4679 Phae3
680 4618 711 4666 et
722 4611 784 4666 cosi
798 4611 823 4666 si
836 4613 853 4668 ὲ
866 4611 968 4668 scritto
980 4613 1008 4667 at
1026 4611 1060 4666 P.
1078 4611 1183 4666 Natale
1200 4610 1255 4665 che
1273 4626 1310 4665 ua
1326 4607 1474 4665 uisitando
1487 4607 1591 4664 adesso

365 4701 396 4756 la
408 4698 558 4773 prouincia
570 4698 752 4756 d’Austria.»
767 4701 811 4755 Ex
827 4699 901 4757 Cod.
920 4715 954 4772 33
961 4701 1006 4773 f),
1020 4700 1071 4756 iol.
1088 4713 1139 4771 150
1151 4717 1182 4756 v.
