3482 5386
423 472 475 542 814
861 471 964 526 Emsr.
985 469 1019 525 P.
1039 469 1152 526 Nnnu

388 623 510 710 spondi
533 634 647 692 autem
670 623 718 688 illi
738 620 847 690 serius
867 623 956 690 hanc
979 621 1245 690 admonitionem
1268 623 1339 688 huc
1361 642 1437 689 esse
1461 621 1624 702 missam,

388 712 549 798 dispersis
565 713 639 798 ejus
656 711 774 778 excusi
790 710 902 797 operis
912 733 988 777 non
1004 711 1122 797 paucis
1138 710 1400 797 exemplaribus,
1418 711 1557 780 Deinde
1573 713 1627 780 ad

388 802 429 869 Ρ.
447 803 602 868 Natalem
619 801 768 880 rationes
783 799 988 884 complures
1007 809 1042 868 et
1057 821 1193 886 graves,
1211 810 1249 866 ut
1264 811 1437 885 putamus,
1459 803 1624 887 perlatae

385 901 482 971 sunt,
499 890 544 958 ob
560 911 645 975 quas
661 911 729 955 non
747 888 904 974 expediat
919 887 1083 974 scriptum
1100 888 1183 954 illud
1199 888 1243 956 de
1259 887 1426 955 sacrificio
1440 888 1477 956 in
1498 891 1621 960 lucem

387 978 535 1066 prodire,
553 979 619 1046 nisi
633 977 749 1045 multis
765 976 800 1043 in
816 975 900 1044 locis
915 988 1088 1044 retexatur
1104 988 1207 1062 atque
1222 987 1414 1046 mutetur...

924 1201 1068 1266 LXXIV

794 1342 829 1395 Β.
849 1339 1002 1396 PETRUS
1021 1339 1207 1397 CANlSlUS

599 1486 756 1533 orrour
793 1485 1037 1533 rnucususs
1072 1486 1124 1534 ue
1158 1485 1391 1534 wnunnunc

702 1608 896 1692 Augustae,
919 1624 932 1673 1
951 1606 1150 1673 Decembris
1170 1609 1254 1694 1569
1272 1609 1295 1676 ¹.

615 1739 738 1794 Librum
750 1738 880 1794 doctoris
896 1739 1003 1794 Torres
1016 1738 1052 1792 Ρ.
1067 1737 1175 1794 Natali
1186 1740 1270 1794 mitti
1281 1743 1381 1794 curat.

508 1839 671 1924 Joannes,
690 1835 747 1922 qui
764 1857 883 1904 reeens
899 1835 980 1902 hinc
997 1857 1158 1902 unacum
1176 1836 1305 1920 Majore
1324 1836 1493 1918 discessit,
1520 1839 1616 1905 inter

385 1925 470 1993 alios
485 1925 590 1992 libros
605 1927 734 1992 adferet
750 1925 1008 1993 Confessionem
1023 1935 1262 2012 augustanam,
1286 1925 1409 1991 librum
1430 1927 1611 2006 Turriani,

384 2026 422 2082 et
437 2015 524 2081 duos
539 2016 582 2083 de
599 2015 779 2081 haereticis
793 2014 952 2081 omnibus
967 2012 1088 2082 editos.
1107 2015 1264 2080 Alterum
1285 2017 1407 2081 horum
1428 2016 1527 2082 reddi
1544 2038 1613 2084 cu-

386 2104 443 2190 pio
458 2105 499 2171 P.
518 2103 729 2188 Hieronymo
745 2102 871 2184 Natali,
889 2101 946 2188 qui
963 2102 1067 2170 semel
1083 2113 1119 2168 et
1130 2102 1252 2170 iterum
1266 2105 1332 2170 hoc
1342 2102 1450 2171 voluit
1462 2125 1552 2191 opus
1566 2107 1613 2172 ad

386 2215 425 2262 se
440 2192 569 2262 mitti...

937 2387 1066 2454 LXXV

529 2529 580 2583 EX
603 2526 783 2583 LITTERIS
809 2525 960 2582 ANNUIS
983 2527 1009 2600 Α
1035 2525 1069 2581 Ρ.
1097 2527 1263 2598 JIMENEZ
1291 2528 1462 2585 SCRlPTIS

719 2655 859 2734 Romae,
880 2671 922 2736 30
932 2650 1131 2718 Decembris
1148 2668 1227 2736 1571
1247 2653 1274 2722 ¹.

545 2784 677 2855 Natalis,
687 2785 821 2840 vicarius
827 2783 983 2857 generalis
994 2783 1159 2856 societatis,
1171 2786 1290 2860 Borgt'a
1302 2785 1433 2844 absente.

513 2925 553 2993 P.
583 2923 707 3004 Natali,
736 2924 874 3004 vicario,
892 2923 1021 2989 homini
1042 2923 1076 2989 id
1093 2924 1211 2992 aetatis
1228 2925 1318 2994 uires
1337 2925 1501 2993 diuinitus
1523 2927 1604 2994 addi

387 3012 561 3095 uidentur,
589 3013 636 3079 ita
663 3013 814 3080 studiose
829 3013 864 3078 in
880 3011 1027 3098 negotiis
1047 3013 1206 3098 gerendis
1226 3015 1473 3100 societatisque
1490 3015 1601 3082 admi·

386 3101 586 3169 nistratione
602 3113 757 3170 versatus
768 3112 833 3182 est,
848 3113 886 3166 ut
898 3112 1013 3169 tamen
1028 3102 1070 3168 de
1085 3104 1187 3167 modo
1206 3103 1397 3171 adhibendo
1417 3128 1437 3170 a
1456 3126 1604 3192 praepo-

386 3189 452 3256 sito
479 3189 552 3275 ipso
576 3191 728 3276 generali
755 3212 833 3258 eum
860 3188 1031 3256 admoneri
1059 3191 1258 3276 oportuerit,
1285 3214 1488 3277 quamquam
1505 3192 1602 3260 initio

385 3278 535 3363 quidem,
567 3289 605 3344 ut
631 3278 854 3364 complurium
870 3290 1125 3363 procuratorum
1150 3281 1301 3368 negotia,
1325 3303 1411 3365 quae
1426 3281 1506 3348 hinc
1522 3303 1603 3367 pro-

385 3389 509 3453 perans
530 3367 585 3435 ille
606 3367 820 3452 permiserat,
843 3367 996 3433 celeriter
1016 3369 1268 3453 expedirentur,
1286 3391 1425 3438 necesse
1446 3369 1511 3436 fuit
1530 3373 1602 3438 ela-

385 3457 507 3522 borare
531 3458 763 3523 uehementer.
786 3457 817 3522 ls
833 3455 924 3520 dedit
946 3478 1082 3541 operam
1099 3470 1138 3522 ut
1157 3457 1269 3524 omnia
1291 3479 1390 3525 suum
1406 3469 1530 3525 statum
1549 3471 1602 3526 te-

386 3555 519 3624 nerent,
538 3544 653 3610 multis
669 3544 827 3612 uidelicet
843 3545 1030 3630 praeceptis
1046 3567 1140 3626 usus,
1156 3567 1243 3632 quae
1264 3547 1318 3613 ille
1337 3546 1555 3634 proficiscens
1570 3549 1600 3617 ei

383 3632 537 3702 dederat.
556 3634 673 3718 ltaque
688 3655 756 3698 non
773 3635 900 3699 Romae
913 3634 1021 3698 solum
1039 3644 1176 3720 totaque
1193 3635 1297 3715 Italia,
1316 3657 1435 3701 uerum
1451 3637 1552 3703 etiam
1565 3637 1598 3702 in

384 3720 543 3787 omnibus
560 3723 615 3788 uel
631 3721 774 3801 Galliae,
791 3721 846 3789 uel
862 3721 1065 3789 Germaniae
1081 3723 1263 3808 prouinciis
1278 3724 1441 3811 singulari
1457 3725 1522 3791 Dei
1538 3726 1599 3792 be-

384 3809 507 3876 neficio
522 3811 762 3896 percommode
777 3809 1057 3878 administrantur
1072 3812 1225 3881 omnia...

438 4021 446 4054 ¹
484 4022 528 4076 Ex
540 4022 706 4094 apographo
718 4019 831 4076 recenti
844 4019 930 4076 uobis
943 4022 1128 4080 transmisso.

435 4113 446 4144 ¹
484 4111 528 4164 Ex
543 4109 616 4166 Cocl.
637 4124 681 4180 31,
695 4109 794 4182 Epist.
812 4109 934 4179 Italiae,
948 4123 1029 4180 1571.
1047 4111 1122 4168 Vide
1136 4113 1225 4184 epist.
1243 4126 1305 4183 541,
1317 4131 1347 4169 n.
1364 4127 1390 4183 13
1409 4111 1468 4185 543;
1489 4125 1549 4184 5473
1569 4121 1599 4169 et

382 4198 514 4270 append.
531 4199 665 4253 LXXVI.
