3482 5386
597 564 601 570 ,
693 499 859 556 mauroix
1296 503 1347 557 801

122 652 218 723 dux
256 651 330 738 ipse
358 651 476 732 voluit,
506 672 608 737 quam
635 651 671 718 id
697 651 799 718 Pater
825 653 963 734 faceret.
992 651 1139 737 Quoties
1163 652 1264 720 etiam
1282 654 1385 720 Pater

124 741 364 827 assurgebat
379 739 468 808 inter
481 741 745 826 colloquendum
766 740 820 808 vel
841 750 943 825 caput
963 740 1147 826 aperiebat,
1167 742 1255 810 idem
1279 742 1386 812 facie-

125 831 204 898 bat
218 832 301 896 dux
313 829 397 915 ipse,
416 829 475 913 qui
499 829 600 896 etiam
616 851 717 896 omne
737 849 837 896 suum
859 828 1008 896 officium
1028 829 1190 898 Societati
1211 831 1334 896 obtulit
1349 831 1385 896 in

127 918 200 985 his
219 916 440 1004 regionibus.
459 918 679 986 Accessimus
693 917 817 986 deinde
832 917 1002 984 ducissam
1021 939 1235 1003 parmensem
1257 921 1279 999 ¹,
1298 941 1386 1004 quae

128 1009 280 1076 eadem
301 1007 512 1074 humanitate
527 1029 629 1074 omne
648 1006 797 1072 officinm
812 1027 912 1072 suum
934 1006 1097 1075 Societati
1118 1007 1284 1092 promisit,
1301 1010 1386 1076 sub-

130 1096 237 1169 inde
256 1105 415 1181 repetens
431 1116 468 1167 se
483 1095 586 1163 filiam
602 1117 677 1164 esse
697 1093 879 1164 Societatis
895 1095 939 1162 ob
959 1096 1094 1162 Patrem
1115 1096 1285 1182 Ignatium
1301 1118 1386 1164 con-

131 1185 353 1254 fessarium.
372 1182 596 1252 Visitauimus
612 1195 786 1270 praeterea
806 1183 903 1250 ddcis
920 1184 1164 1252 confessarium
1180 1184 1384 1267 minoritam,

133 1275 209 1359 qui
229 1296 274 1342 se
289 1270 388 1338 nobis
403 1273 503 1340 valde
518 1276 706 1340 humanum
730 1271 897 1340 exhibuit.
916 1273 1097 1358 Quaesiuit
1112 1273 1236 1342 deinde
1254 1277 1297 1342 P.
1315 1276 1386 1340 Na·

133 1364 235 1430 talis
253 1360 470 1430 occasionem
487 1362 611 1448 agendi
628 1361 755 1447 aliquid
767 1362 809 1427 de
826 1361 1025 1428 fundatione
1040 1362 1176 1448 collegii
1192 1361 1336 1428 alicuius
1351 1362 1387 1428 in

134 1451 219 1520 ista
235 1449 426 1536 prouincia,
445 1461 480 1517 et
492 1450 691 1518 nominatim
707 1450 879 1518 Gandaui.
898 1451 1108 1519 Consulebat
1124 1451 1214 1519 enim
1230 1450 1387 1520 licentia-

126 1551 209 1610 ¹tus
230 1541 371 1626 Vargas
385 1540 412 1618 ⁵,
430 1539 605 1625 hispanus
620 1540 719 1606 valde
731 1559 774 1604 ex
790 1561 826 1606 re
844 1540 996 1605 futurum
1009 1539 1038 1606 si
1050 1542 1120 1606 dux
1133 1561 1193 1626 per
1208 1539 1324 1606 literas
1339 1538 1388 1606 si-

138 1629 342 1716 gnificaret
353 1627 469 1694 abbati
481 1628 590 1694 sancti
606 1627 699 1696 Petri
716 1628 900 1713 gandensis
916 1628 980 1694 sibi
997 1641 1134 1714 gratum
1159 1631 1231 1697 fore
1247 1628 1275 1694 si
1299 1628 1388 1695 serio

140 1718 313 1784 animum
330 1716 494 1784 adiiceret
514 1719 557 1782 ad
584 1715 718 1802 collegii
739 1716 986 1785 fundationem.
1005 1717 1148 1802 Recepit
1171 1717 1206 1782 in
1226 1738 1264 1784 se
1281 1717 1388 1784 licen-

142 1807 268 1872 tiatus
281 1807 415 1891 Vargas
431 1817 467 1871 vt
482 1805 562 1871 duci
577 1805 668 1870 istud
684 1815 862 1891 proponat,
877 1806 938 1871 sed
954 1805 1065 1872 visum
1081 1821 1133 1872 est
1145 1807 1297 1871 nondum
1314 1826 1390 1872 esse

144 1907 311 1980 tempus,
330 1907 367 1959 vt
383 1895 506 1962 dehac
521 1917 558 1961 re
574 1915 637 1960 nos
652 1892 754 1960 latius
770 1914 962 1980 ageremus
981 1893 1129 1962 Proinde
1149 1911 1187 1976 17
1204 1893 1319 1975 huius,
1333 1916 1390 1961 re-

144 1984 243 2051 licta
261 1983 434 2062 Bruxella,
452 1983 608 2050 venimus
619 1983 825 2050 Gandauum
843 1985 880 2049 18
893 1983 1058 2062 eiusdem,
1072 1983 1122 2050 vti
1134 2003 1212 2048 cum
1226 1984 1313 2050 Rdo.
1328 1983 1390 2047 ab-

147 2075 245 2139 bate
260 2071 371 2139 sancti
387 2071 479 2139 Petri
500 2093 604 2157 agere
624 2071 898 2156 cogitaueramus
913 2073 957 2139 de
977 2071 1090 2137 animo
1118 2091 1193 2150 suo,
1220 2071 1313 2155 quod
1328 2069 1391 2136 ali-

150 2161 301 2247 quoties
317 2160 400 2226 mihi
415 2160 583 2246 exposuit,
597 2181 720 2245 nempe
736 2183 774 2228 se
789 2171 983 2245 empturum
1004 2160 1141 2226 domum
1163 2159 1338 2241 Societati,
1357 2169 1392 2226 et

151 2253 326 2318 daturum
343 2249 377 2314 in
393 2270 501 2316 annos
516 2249 669 2317 redditus
685 2249 812 2328 firmos,
831 2249 927 2315 initio
944 2250 1009 2314 600
1020 2251 1179 2314 florenos.
1195 2249 1264 2316 Sed
1272 2249 1316 2315 de
1328 2250 1393 2312 hac

151 2363 195 2407 re
214 2360 323 2424 agere
339 2359 408 2402 non
420 2337 526 2420 licuit,
545 2347 617 2404 tum
633 2338 714 2422 quia
734 2339 881 2404 aduersa
900 2338 1096 2406 valetudine
1118 2359 1138 2402 a
1159 2337 1269 2402 tribus
1284 2335 1391 2420 septi-

150 2428 277 2496 manis
293 2428 399 2495 abbas
414 2428 640 2505 laborauerat,
661 2439 732 2492 tum
749 2425 829 2510 quia
849 2426 957 2511 pridie
977 2447 1081 2509 quam
1098 2427 1141 2490 ad
1161 2447 1239 2492 eum
1256 2425 1392 2492 venire-

152 2539 255 2600 mus,
274 2517 351 2582 aula
363 2517 407 2580 ab
419 2515 493 2600 ipso
509 2534 548 2582 10
561 2515 692 2600 mil[l]ia
702 2517 908 2582 florenorum
921 2526 1092 2599 exegerat.
1107 2513 1217 2599 Igitur
1234 2532 1272 2580 21
1288 2512 1391 2580 huius

151 2605 296 2694 egressi
309 2605 528 2684 Gandauum,
544 2604 699 2669 venimus
711 2607 904 2669 Turnacum
918 2621 958 2668 22
972 2603 1136 2681 eiusdem,
1153 2602 1222 2683 vbi,
1238 2601 1393 2668 instituta

154 2703 333 2762 consueta
345 2692 539 2760 visitatione
555 2693 677 2758 domus
693 2704 841 2770 nostrae,
864 2691 1070 2758 accessimus
1092 2693 1230 2758 Rmum.
1260 2690 1386 2776 episco-

154 2805 260 2869 pum,
279 2781 336 2847 cui
353 2784 393 2850 P.
407 2781 543 2848 Natalis
559 2781 723 2847 rationem
740 2779 899 2865 exposuit
916 2801 977 2846 cur
993 2779 1100 2845 nostri
1117 2781 1310 2846 ‘fornacum
1323 2801 1393 2845 non

157 2871 342 2940 redierint.
372 2869 528 2954 Benigne
544 2891 607 2935 nos
622 2869 757 2954 excepit
774 2869 965 2955 episcopus
988 2879 1024 2934 et
1050 2869 1200 2934 ostendit
1221 2891 1258 2935 se
1278 2869 1393 2936 dolere

157 2961 206 3028 de
223 2959 379 3027 absentia
399 2957 547 3042 collegii,
571 2960 783 3043 rogabatque
798 2968 834 3023 vt
855 2959 975 3024 saltem
996 2979 1178 3042 puerorum
1206 2957 1393 3023 institutio·

159 3071 245 3120 nem
267 3069 530 3116 assumeremus.
557 3049 657 3126 Nam,
676 3060 712 3113 vt
733 3058 927 3131 augeantur
954 3047 1107 3114 redditus
1135 3045 1284 3131 collegii,
1307 3066 1394 3130 quos

160 3148 247 3206 ante
264 3136 458 3215 habuimus,
478 3134 512 3202 id
528 3135 601 3201 fieri
618 3135 672 3202 his
690 3147 878 3221 temporum
906 3135 1163 3202 difficultatibus
1191 3157 1259 3200 non
1277 3155 1391 3218 posse,

162 3227 294 3311 quibus
310 3225 373 3310 ipsi
390 3225 489 3290 valde
505 3235 693 3309 gravantur
708 3223 900 3307 sumptibus
916 3235 950 3292 et
964 3223 1066 3289 variis
1079 3223 1280 3306 expensis..

234 3312 384 3380 Profecti
402 3315 559 3380 Tornaco
576 3329 616 3396 25
635 3313 749 3390 huius
768 3312 953 3377 sternimus
973 3314 1016 3377 ad
1032 3324 1189 3377 sanctum
1214 3310 1394 3376 Andoma-

162 3426 243 3470 rum
261 3420 304 3485 27
321 3402 485 3480 eiusdem,
514 3401 572 3466 vbi
593 3420 631 3467 12
655 3416 799 3486 agunte
828 3401 963 3470 nostris
983 3420 1004 3481 4
1032 3402 1237 3476 sacerdotes,
1259 3418 1395 3482 3prae-

162 3503 340 3578 captores,
359 3511 378 3574 3
400 3490 613 3556 coadiutores
634 3500 669 3556 et
689 3509 707 3556 2
729 3488 886 3557 studiosi.
910 3487 1077 3572 Episcopo
1100 3490 1335 3554 Vehemonteo
1357 3484 1395 3570 [?]

164 3583 310 3650 fuerunt
325 3589 443 3664 gratae
459 3579 576 3644 literae
593 3579 632 3644 P.
652 3581 709 3658 V.,
728 3591 763 3644 et
784 3577 865 3643 dicit
880 3599 918 3645 se
934 3576 1024 3644 mille
1048 3575 1184 3641 florenis
1205 3576 1294 3642 nolle
1312 3575 1393 3656 quin

164 3691 227 3738 eas
242 3667 438 3753 recepisset.
458 3668 606 3736 Scholae
624 3676 795 3753 parantur,
814 3667 874 3732 sed
890 3676 969 3731 ante
982 3664 1105 3732 festum
1119 3663 1305 3730 natiuitatis
1320 3665 1395 3729 Do-

167 3758 251 3826 mini
268 3777 338 3823 non
354 3757 562 3842 aperientur.
580 3755 757 3841 Cogitauit
772 3755 862 3823 enirn
878 3754 1060 3840 episcopus
1077 3765 1113 3820 vt
1129 3751 1312 3841 7Januarii
1331 3773 1396 3816 no·

167 3847 232 3914 stri
249 3845 509 3930 auspicarentur
521 3845 694 3911 lectiones.
713 3849 841 3928 Magno
857 3844 969 3910 animo
987 3842 1099 3928 pergit
1119 3841 1244 3908 nostris
1265 3844 1394 3918 fauere,

168 3948 206 4004 et
221 3935 257 4001 in
273 3933 347 4000 dies
363 3934 485 4001 crescit
501 3955 595 4001 amor
611 3955 693 3999 suus
709 3934 744 3999 in
762 3933 978 4000 Societatem.
999 3933 1039 3999 P.
1055 3932 1185 3998 Natalis
1202 3930 1254 3995 his
1275 3929 1397 3994 diebus

172 4035 363 4108 occupatus
380 4023 444 4088 fuit
460 4022 494 4089 in
511 4022 742 4088 examinandis
760 4022 920 4087 fratribus
936 4032 970 4089 et
987 4041 1104 4088 eorum
1124 4016 1398 4086 confessionibus

171 4111 394 4197 excipiendis,
414 4132 518 4194 quare
535 4109 693 4194 proximis
709 4110 816 4178 literis
836 4110 982 4176 scribam
1003 4109 1141 4175 vberius
1162 4109 1205 4174 de
1226 4105 1396 4184 omnibuS,

172 4221 263 4287 quae
280 4201 336 4266 hic
353 4200 481 4267 fuerint
493 4209 611 4266 acta...

240 4289 336 4356 Dixit
351 4299 527 4374 praeterea
544 4285 624 4353 mihi
641 4287 681 4353 P.
700 4285 830 4350 Natalis
847 4306 884 4350 se
900 4284 1075 4370 scripsisse
1093 4285 1132 4352 P.
1147 4287 1192 4352 V.
1207 4281 1398 4349 inclinatio·
1482 4329 1486 4342 .

172 4401 251 4447 nem
266 4399 378 4458 suam,
392 4399 494 4460 quam
512 4377 613 4443 habet
631 4386 666 4439 vt
683 4374 717 4438 in
733 4374 787 4440 his
799 4373 1000 4460 regionibus
1015 4385 1164 4454 maneat,
1179 4385 1246 4441 etc.
1264 4374 1340 4457 Ego
1356 4371 1400 4437 de

231 4582 238 4614 ¹
277 4579 434 4652 Margarita
448 4578 484 4633 de
503 4579 618 4632 Parma.

230 4671 242 4701 ²
279 4671 408 4741 Joannes
422 4669 458 4722 de
473 4668 597 4738 Vargas.
617 4665 691 4720 Vide
706 4683 776 4738 pag.
792 4666 856 4738 612,
870 4673 968 4720 annot.
984 4679 1010 4719 2.

312 4793 397 4838 Ernr.
413 4793 439 4835 Ρ.
455 4789 556 4846 Nauae,
572 4801 627 4834 rou.
645 4789 690 4834 111.
