3482 5386
476 523 531 578 812
909 523 1013 579 Emer.
1034 522 1067 579 P.
1089 523 1202 580 Naum

440 679 536 758 dvm;
562 676 672 763 frigus
692 675 794 743 etiam
815 674 898 741 illvd
918 677 1139 745 vehementer
1161 677 1354 757 horrebam,
1379 674 1570 762 praecipue
1592 697 1668 744 vero

439 765 705 832 diuersoriorum
722 763 1046 844 incommoditatem,
1063 766 1107 832 de
1122 765 1247 850 quibus
1259 769 1299 833 R.
1315 769 1357 834 P.
1371 767 1600 835 Salmeronus
1611 765 1668 830 ali-

441 854 524 938 qvid
540 853 638 920 vobis
654 874 793 922 narrare
807 854 943 940 poterit.
962 853 1202 935 Nihilominus,
1224 855 1384 921 invocato
1405 854 1540 922 Christi
1562 851 1667 920 nomi-

442 965 500 1023 ne,
529 942 607 1010 dedi
635 965 690 1010 me
715 941 751 1007 in
777 942 884 1022 viam,
914 953 949 1012 et
975 942 1107 1028 piorum
1134 942 1309 1028 precibus,
1338 942 1475 1028 Deique
1502 941 1667 1010 beneficio

441 1030 608 1117 singulari
630 1032 757 1097 factum
774 1041 838 1112 est,
855 1041 906 1112 vt,
922 1051 992 1116 quo
1008 1031 1145 1116 longius
1159 1032 1403 1117 proficiscerer,
1420 1053 1495 1117 quo
1519 1033 1598 1116 plus
1617 1030 1666 1096 in-

444 1121 699 1186 commodorum
716 1120 851 1199 ferrem,
868 1142 910 1187 eo
925 1121 1042 1188 fierem
1056 1119 1222 1187 valentior
1237 1132 1273 1188 et
1287 1120 1472 1188 robustior.
1487 1121 1595 1205 Quod
1605 1141 1667 1206 ego

444 1220 560 1275 tamen
576 1207 757 1278 Societatis
772 1219 906 1276 vestrae
921 1207 1079 1294 precibus
1095 1220 1129 1276 et
1144 1208 1321 1294 sacrificijs
1336 1219 1522 1294 acceptvm
1545 1207 1664 1286 tribuo,

445 1319 534 1382 quae
550 1319 618 1363 non
634 1295 734 1363 video
750 1297 861 1363 curin
877 1317 952 1364 mea
968 1301 1124 1382 persona,
1146 1318 1247 1381 quam
1268 1297 1303 1364 in
1327 1299 1368 1367 P.
1393 1296 1542 1366 Henrici
1562 1297 1666 1383 magis

444 1387 604 1454 efficaces
620 1405 695 1452 esse
711 1384 902 1454 debuerint.
921 1386 1027 1452 Aliud
1042 1389 1233 1472 exemplum
1249 1388 1391 1472 profero.
1415 1387 1575 1472 Qvintus
1593 1385 1665 1463 iam,

446 1475 482 1542 ui
498 1475 607 1554 fallor,
625 1495 736 1540 annus
751 1473 879 1560 agitur,
897 1495 965 1558 quo
980 1485 1149 1542 venerunt
1164 1478 1231 1540 hvc
1246 1489 1385 1543 sanctae
1404 1475 1592 1544 Societatis
1611 1497 1664 1540 ve-

445 1575 538 1632 strae
555 1561 688 1645 iratres,
707 1583 776 1647 quo
792 1558 945 1649 tempore
959 1564 1067 1630 multa
1082 1565 1157 1630 loca
1173 1585 1233 1650 per
1244 1563 1479 1644 Germaniam,
1495 1563 1664 1630 Poloniam

444 1660 483 1720 et
499 1651 669 1718 Prvssiam
686 1662 781 1738 peste
797 1653 933 1717 iverunt
949 1651 1085 1720 infecta.
1106 1653 1164 1722 Sic
1181 1664 1293 1721 autem
1311 1675 1410 1720 suum
1427 1653 1496 1720 iter
1512 1651 1664 1720 institue·

448 1751 536 1822 rant,
554 1752 603 1820 vt,
621 1762 689 1824 quo
705 1740 849 1825 quisque
864 1741 960 1807 locus
976 1740 1087 1828 magis
1102 1752 1192 1808 esset
1208 1741 1381 1828 pestilens,
1404 1741 1438 1806 in
1460 1763 1543 1808 eum
1564 1739 1662 1827 potis·

447 1828 535 1896 sime
550 1829 770 1895 diuerterent.
786 1829 946 1898 Seruauit
958 1829 1178 1896 nihilominus
1188 1829 1264 1896 illos
1275 1833 1382 1909 Deus,
1397 1841 1491 1898 etex
1503 1829 1569 1909 his,
1583 1849 1661 1914 quos

449 1917 587 1984 misistis
604 1917 647 1982 ad
662 1938 737 1995 nos,
752 1937 812 2003 per
823 1917 889 1985 Dei
900 1918 1044 2004 gratiam
1057 1919 1186 1984 nullum
1199 1920 1309 1985 adhvc
1320 1917 1545 2005 perdidimus
1559 1938 1661 2001 neque

449 2005 671 2093 periculosius
687 2005 864 2090 qvisquam
880 2007 1083 2093 aegrotauit,
1102 2019 1235 2092 praeter
1255 2009 1294 2074 P.
1319 2009 1459 2074 Petrum
1486 2011 1509 2086 ¹,
1536 2005 1592 2091 qui
1615 2017 1659 2070 ta-

448 2115 527 2160 men
543 2104 578 2162 et
594 2093 666 2179 ipse
681 2093 747 2160 iam
763 2095 950 2163 conualuit.
969 2097 1072 2164 Certe
1088 2096 1229 2162 fratrum
1245 2096 1386 2162 istorum
1403 2095 1597 2163 obedientia
1611 2116 1659 2158 sa-

450 2183 495 2250 tis
511 2182 667 2249 admirari
684 2193 718 2250 et
734 2183 923 2250 exosculari
938 2206 1008 2252 non
1024 2195 1146 2270 potest;
1164 2186 1224 2252 sed
1243 2185 1309 2252 ista
1332 2186 1373 2253 P.
1398 2183 1557 2266 Henrici,
1580 2181 1659 2267 qvod

449 2274 541 2338 bona
556 2271 656 2338 venia
672 2273 712 2339 P.
730 2274 774 2339 V.
793 2272 921 2342 dictvm
935 2295 1012 2340 esse
1028 2272 1142 2354 velim,
1161 2275 1264 2360 paulo
1280 2273 1362 2339 mihi
1373 2273 1513 2342 videtur
1523 2293 1595 2342 esse
1606 2271 1657 2336 de·

450 2359 594 2428 licatior.
614 2360 683 2428 Sed
699 2359 780 2444 qvid
795 2360 932 2427 faciam?
953 2361 1128 2448 Operarijs
1147 2362 1285 2430 destitui
1307 2385 1360 2429 me
1384 2363 1499 2441 video,
1523 2371 1558 2428 et
1579 2363 1658 2426 hvnc

448 2450 574 2534 ipsum,
593 2470 694 2532 quem
711 2449 824 2515 adhvc
840 2452 965 2517 habere
981 2473 1055 2517 svm
1071 2451 1176 2531 visus,
1196 2452 1235 2517 P.
1259 2452 1410 2534 Petrum,
1432 2452 1568 2519 auferre
1587 2445 1656 2514 mihi

449 2539 490 2606 P.
509 2537 711 2604 Franciscus
728 2548 763 2605 et
778 2537 845 2604 alio
860 2539 994 2608 mittere
1010 2551 1163 2619 conatvr,
1182 2539 1264 2624 quin
1285 2550 1323 2605 vt
1342 2562 1421 2608 eum
1442 2541 1518 2625 ipse
1537 2556 1656 2604 mecum
1719 2607 1720 2616 ἦ

452 2627 616 2692 abdvcam
638 2626 724 2707 vult,
750 2625 779 2692 si
801 2629 973 2712 profectus
993 2630 1036 2694 ad
1056 2651 1117 2695 vos
1137 2627 1247 2695 isthvc
1268 2630 1378 2711 fuero,
1407 2629 1465 2696 cui
1486 2626 1654 2714 parendvm
1719 2617 1720 2677 l

452 2715 607 2780 fortassis
623 2715 699 2783 erit.
717 2714 826 2782 Video
842 2717 934 2800 qvod
949 2719 1072 2804 belgae
1088 2718 1208 2784 nolunt
1223 2719 1262 2783 P.
1283 2715 1434 2784 Henrico
1455 2737 1582 2796 carere3
1604 2711 1655 2778 sed

451 2805 579 2870 habent
595 2802 642 2868 illi
658 2805 779 2871 dvcem
795 2805 954 2870 albanum
971 2807 997 2885 ¹,
1019 2806 1078 2890 qui
1098 2806 1175 2891 plus
1194 2806 1350 2872 aedificat
1373 2806 1541 2884 faciend0,
1566 2821 1652 2888 quam
1718 2825 1719 2915 p

453 2893 494 2958 P.
512 2891 686 2958 Henricus
702 2891 941 2976 praedicando:
961 2895 1061 2960 talem
1082 2895 1110 2960 si
1133 2917 1196 2961 nos
1215 2895 1429 2975 haberemus
1455 2891 1619 2980 operarios
1637 2909 1654 2952 a

452 2979 549 3046 vobis
565 2979 651 3045 mitti
669 2990 763 3047 tanto
779 2982 891 3048 stvdio
907 3004 978 3048 non
992 2994 1198 3068 peteremus.
1215 2986 1290 3050 Deo
1302 2983 1482 3070 negotium
1495 2987 1557 3049 hoc
1571 2999 1652 3047 com-
1717 3021 1718 3032 .

452 3067 584 3134 mittam
601 3090 741 3136 necesse
756 3081 821 3138 est.
839 3072 898 3138 Ille
913 3071 1089 3157 provideat
1104 3071 1224 3140 vineae
1244 3093 1338 3140 suae.
1361 3071 1487 3140 Mirum
1509 3063 1652 3152 estquod

452 3155 552 3224 haedi
569 3156 635 3224 mei
651 3169 719 3223 tam
736 3157 845 3239 facile,
863 3181 949 3242 quos
964 3161 1095 3240 volunt,
1114 3160 1285 3228 ministros
1299 3160 1495 3244 acquirunt.
1510 3161 1602 3234 Nam,
1618 3153 1653 3218 ad

451 3246 546 3311 illvm
561 3246 720 3332 priorem,
739 3248 953 3315 addvxerunt
972 3269 1064 3315 nunc
1084 3249 1185 3316 etiam
1210 3252 1352 3316 alterum
1375 3249 1584 3326 deteriorem,
1603 3239 1651 3326 qul

453 3355 524 3400 non
552 3356 715 3420 germana
742 3339 857 3416 modo,
885 3358 1003 3404 verum
1030 3348 1065 3404 et
1092 3339 1216 3424 polona
1236 3337 1354 3424 lingua
1373 3337 1613 3404 multitudinem
1636 3351 1652 3395 a

452 3422 593 3490 Christo
609 3423 756 3504 abdvcit,
775 3435 809 3492 et
825 3426 869 3490 ad
884 3424 1097 3494 islebiensem
1114 3427 1349 3494 antichristvm
1366 3426 1522 3494 traducit:
1545 3422 1588 3490 sic
1608 3419 1623 3483 l
1636 3451 1650 3464 -
1715 3441 1716 3444 ’

452 3523 546 3578 ctvm
573 3524 637 3592 est,
666 3524 705 3577 vt
730 3515 794 3578 hoc
822 3535 912 3580 anno
939 3515 1113 3599 pauciores
1133 3516 1434 3596 communicarent,
1456 3535 1554 3602 quarn
1576 3525 1650 3576 anno

454 3601 639 3686 superiore.
671 3601 740 3670 Sed
766 3601 820 3668 his
846 3603 890 3669 de
916 3603 1018 3670 rebus
1039 3615 1074 3670 et
1093 3605 1137 3670 de
1158 3605 1274 3671 multis
1294 3603 1367 3672 aliis
1387 3625 1514 3686 coram,
1529 3601 1556 3668 si
1570 3601 1647 3666 Deus

453 3689 556 3770 volet,
576 3700 651 3774 post
667 3689 795 3774 aliquot
811 3711 945 3759 menses
960 3713 1063 3778 agere
1079 3692 1205 3761 licebit.
1229 3695 1361 3762 Interea
1383 3693 1509 3762 Rdum.
1533 3692 1645 3757 Patrem

453 3779 661 3862 generalem,
679 3779 928 3860 Salmeronum‚
947 3783 1114 3860 Natalem,
1137 3785 1340 3850 Torrensem
1361 3803 1498 3867 quoque
1516 3787 1644 3846 nostrum

453 3866 567 3933 verbis
593 3867 677 3934 meis
704 3868 845 3934 salutari
871 3881 962 3953 peto;
987 3891 1066 3936 nam
1093 3871 1343 3939 Warseuicium
1367 3871 1432 3937 iam
1460 3867 1597 3938 inviam
1618 3879 1645 3926 se

450 3954 589 4022 dedisse
605 3966 699 4040 pvto.
718 3959 813 4024 Bene
829 3958 940 4024 valeat
960 3959 1001 4026 P.
1024 3959 1082 4039 V.,
1108 3981 1231 4044 meque
1254 3957 1288 4026 in
1311 3959 1382 4026 suis
1404 3955 1646 4050 orationibusnet

452 4043 629 4128 sacrificijs
651 4045 925 4112 commendatum
956 4048 1093 4116 habeat.
1118 4049 1244 4115 Datum
1270 4071 1314 4116 ex
1340 4059 1452 4116 castro
1478 4067 1550 4114 meo
1567 4037 1645 4108 Heu-

453 4133 594 4218 spergk‚
618 4151 652 4199 11
668 4133 759 4220 Jvnij
777 4155 867 4201 anno
883 4133 1020 4202 Domini
1040 4137 1155 4224 1569.⁰
1171 4137 1289 4205 Frater
1304 4137 1339 4202 in
1355 4137 1504 4218 Christo,

758 4223 999 4306 StautsnAUS,
1023 4247 1240 4294 enuntiantis
1266 4246 1496 4294 VARMIENSIS.

429 4355 435 4372 .
521 4309 705 4394 Inscriptio
721 4312 759 4375 in
775 4319 901 4396 quarta
912 4315 1060 4401 pagina:
1076 4315 1166 4383 Rdo.
1184 4314 1277 4380 Patri
1297 4317 1341 4382 D.
1363 4313 1487 4402 Joanni
1508 4309 1643 4404 Polanqo.

451 4419 570 4466 sacrae
586 4398 779 4485 theologiae
795 4401 938 4484 doctori,
956 4412 992 4470 et
1006 4413 1145 4470 sanctae
1155 4404 1238 4491 Jesu
1259 4401 1441 4473 Societatis
1460 4397 1642 4470 cancellario.

506 4593 513 4624 ¹
553 4593 643 4649 Phae.

504 4685 515 4716 ¹
553 4681 754 4740 Ferdinandus
768 4686 895 4741 Alvarez
907 4685 944 4741 de
956 4685 1081 4744 Toledo.
1097 4685 1173 4744 Vide
1186 4687 1273 4761 epist.
1287 4699 1350 4758 497,
1365 4705 1395 4744 n.
1409 4703 1438 4760 9,
1451 4695 1509 4744 etc.
