3414 5374
419 481 474 538 682
809 481 913 542 Eetsr.
933 481 967 536 Ρ.
987 481 1191 554 Ninia-569

382 651 480 702 mara
502 635 567 701 che
586 633 634 700 mi
653 634 672 702 ὲ
693 634 908 703 ricreatione.
935 635 1139 702 Benedictus
1161 637 1345 719 Dominus,
1368 643 1419 703 sto
1440 637 1533 702 bene.
1559 635 1607 702 La

385 769 494 862 orego
509 749 595 818 altra
610 751 702 817 volta
718 748 839 816 soliciti
856 749 888 816 la
903 750 1023 818 lettera
1039 750 1074 816 di
1089 752 1134 818 N.
1153 754 1194 818 Ρ.
1212 773 1274 838 per
1287 751 1313 817 il
1326 750 1517 838 prouincial
1537 760 1603 818 etc.

385 866 520 930 Estato
536 863 729 932 necessario
745 865 809 934 che
824 863 858 930 io
882 865 1012 934 facesse
1033 887 1134 951 saper
1155 866 1189 931 la
1210 866 1354 932 volunta
1377 866 1412 933 di
1434 868 1477 933 N.
1507 869 1549 932 P.
1572 866 1602 930 al

385 988 500 1061 conte,
518 988 553 1045 et
568 978 642 1046 cusi
664 1000 732 1046 non
756 978 867 1048 vorrei
887 979 916 1046 si
936 979 1064 1065 potessi
1084 980 1227 1068 impedir
1248 979 1272 1046 il
1295 981 1449 1068 negocio.
1475 979 1524 1048 Μ’
1546 1000 1602 1046 era

384 1093 600 1162 smentieato.
619 1095 646 1162 Il
662 1093 789 1181 Signor
804 1093 860 1160 dia
875 1116 896 1160 a
916 1096 963 1161 V.
986 1095 1027 1162 R.
1047 1097 1079 1164 le
1094 1097 1184 1162 bone
1201 1096 1286 1164 feste
1300 1106 1335 1162 et
1350 1097 1418 1162 bon
1438 1094 1599 1183 giubileo.

386 1210 513 1275 Amen.
532 1208 611 1275 Alle
626 1208 728 1277 misse
743 1219 778 1275 et
794 1207 938 1275 orationi
954 1209 990 1275 di
1010 1211 1052 1276 V.
1076 1211 1117 1276 R.
1141 1210 1246 1277 molto
1266 1209 1300 1276 di
1320 1231 1423 1277 cuore
1444 1209 1492 1276 mi
1516 1208 1601 1274 rico-

387 1324 524 1403 mando,
542 1333 577 1392 et
592 1325 667 1390 sera
683 1335 843 1392 contenta
858 1323 902 1390 de
917 1326 970 1390 far
983 1325 1044 1390 dar
1059 1325 1103 1391 da
1122 1324 1189 1391 mia
1203 1335 1300 1412 parte
1315 1327 1347 1394 le
1361 1327 1450 1394 bone
1465 1325 1552 1392 teste
1569 1331 1603 1390 et

386 1437 539 1523 giubileo
554 1438 610 1504 alli
630 1447 647 1482 ⁸
666 1437 768 1505 Padri
789 1437 961 1505 assistenti
981 1451 1016 1506 et
1035 1440 1234 1519 secretam,
1259 1449 1294 1508 et
1309 1441 1342 1506 al
1367 1440 1408 1507 P.
1426 1439 1598 1514 Ximenez,

387 1562 424 1621 et
439 1553 455 1596 θ
473 1573 535 1639 per
549 1551 597 1619 lui
613 1553 669 1622 alli
684 1552 761 1620 altri
777 1555 841 1621 che
857 1553 905 1619 lui
916 1555 1013 1622 suole
1024 1554 1086 1620 dar
1101 1554 1132 1622 le
1144 1553 1212 1621 mie
1223 1551 1546 1622 ricomrnandationi.
1559 1549 1599 1617 Di

389 1669 493 1750 Hala,
512 1687 553 1736 22
570 1668 605 1735 di
620 1670 811 1737 Decembre
829 1685 926 1754 1574.
944 1672 989 1736 D.
1007 1671 1052 1737 V.
1071 1671 1112 1736 R.
1131 1691 1232 1737 seruo
1246 1668 1283 1736 in
1298 1672 1375 1750 X.⁰,

1184 1793 1206 1882 †
1244 1795 1383 1864 Naana.
1407 1793 1430 1882 †

1298 1883 1323 1972 't

459 2017 642 2100 Inscriptio
657 2015 695 2081 in
710 2021 836 2102 maaria
846 2017 995 2104 pagina,
1008 2017 1081 2082 alia
1097 2015 1249 2104 manu:†
1265 2015 1455 2084 Admodum
1468 2015 1549 2080 Rdo.
1562 2009 1590 2074 in

391 2133 481 2216 Xpo.
502 2130 596 2198 Patn'
612 2131 653 2198 P.
673 2129 826 2198 Oliuerio
847 2134 1021 2213 Manareo‚
1039 2131 1211 2199 assistenti
1229 2129 1408 2200 Societatis
1425 2132 1512 2218 Jesu.
1531 2129 1593 2193 Ro-

389 2269 479 2315 mae.
497 2247 578 2313 Atia
594 2267 713 2312 manu:
725 2248 837 2334 Jesus.
856 2246 879 2333 †
896 2244 1014 2314 Maria.
1038 2263 1133 2330 1574.
1151 2246 1252 2313 Hala.
1271 2248 1311 2313 P.
1330 2246 1440 2313 Natal.
1456 2261 1493 2310 22
1508 2241 1591 2309 X.”“

390 2362 511 2448 Sigitti
526 2361 633 2426 abcisi
647 2362 843 2447 vestigium.

957 2529 1052 2591 560

726 2657 767 2723 Ρ.
786 2655 1094 2725 HIERONYMUS
1117 2656 1280 2723 NADAL

632 2797 769 2852 PATRI
797 2797 1044 2856 EVERARDO
1072 2795 1373 2856 MERCURIANO

757 2935 877 2993 naras,
895 2936 930 2978 22
947 2933 1124 2978 nscsuams
1146 2934 1214 2993 1574
1232 2923 1252 2978 ¹.

432 3061 458 3100 r.
473 3045 519 3102 De
532 3046 596 3102 suis
608 3047 927 3118 ocupationibus-2.
943 3049 980 3102 P.
996 3047 1151 3104 Castorum
1166 3045 1323 3102 connim
1333 3047 1417 3102 mitti
1425 3044 1555 3118 postulat.

463 3191 494 3240 1.
541 3171 785 3258 †MoltoRd0.
797 3173 837 3239 P.
849 3170 938 3240 N.in
951 3171 1164 3240 X.⁰PaxX.¹
1185 3171 1233 3240 Mi
1243 3193 1306 3238 son
1315 3171 1494 3258 rallegrato
1503 3166 1599 3234 molto

392 3287 449 3355 nel
466 3286 593 3373 Signor
609 3296 727 3352 nostro
742 3309 801 3373 per
816 3288 850 3354 la
865 3289 955 3354 bona
970 3287 1107 3356 licentia
1123 3287 1167 3376 (di
1183 3291 1247 3355 che
1259 3287 1304 3354 mi
1320 3285 1432 3354 scriue
1443 3287 1473 3355 el
1485 3288 1519 3352 Ρ.
1530 3279 1599 3349 oti-

391 3400 489 3470 uerio
502 3400 539 3466 di
555 3421 618 3467 sua
632 3402 740 3487 parte)
757 3403 822 3468 che
837 3401 862 3467 il
878 3405 919 3468 P.
937 3402 1120 3471 Guillelmo
1136 3425 1237 3489 possa
1248 3403 1356 3470 andar
1367 3402 1425 3468 col
1439 3411 1532 3467 conte
1542 3397 1604 3462 alla

393 3515 647 3604 peregrination
663 3517 719 3583 del
734 3517 886 3603 giubileo
900 3519 926 3584 ³.
945 3519 1004 3587 Sia
1016 3539 1075 3604 per
1087 3520 1109 3585 l’
1127 3539 1221 3584 amor
1232 3517 1288 3586 del
1300 3517 1439 3604 Signor.
1452 3517 1602 3584 Sertcon
1698 3571 1699 3593 ᾖ

392 3633 427 3699 la
445 3631 557 3718 gratia
572 3632 633 3700 del
656 3631 783 3718 Signor
810 3654 874 3699 eon
903 3632 987 3720 ogni
1010 3632 1217 3701 edification.
1247 3633 1371 3718 Quello
1393 3633 1456 3698 che
1477 3631 1602 3695 doueua

393 3747 502 3833 prima
516 3747 602 3815 dire.
621 3747 716 3813 iddio
731 3756 848 3813 nostro
869 3747 996 3834 Signor
1010 3747 1066 3814 dia
1082 3748 1147 3815 alla
1164 3751 1204 3814 P.
1227 3750 1270 3815 V.
1292 3748 1325 3814 le
1345 3748 1433 3814 bone
1454 3747 1544 3820 feste,
1567 3749 1602 3808 et
1697 3833 1698 3838 ἵ

393 3871 515 3929 sancto
532 3861 694 3948 giubilao,
712 3861 748 3928 in
764 3860 895 3950 giubsso
910 3873 945 3929 et
965 3863 1154 3931 exultation
1169 3872 1286 3931 sancta
1301 3862 1389 3928 delia
1404 3859 1506 3927 anima
1528 3877 1598 3922 sua.
1697 3841 1698 3854 ἶ

395 3978 521 4044 Amen.
539 3977 637 4043 Delie
654 3976 871 4078 occupationi
886 3975 966 4059 mie,
984 3999 1070 4064 poco
1085 3999 1187 4064 posso
1202 3977 1275 4045 dire
1293 3977 1360 4044 alia
1380 3979 1420 4044 Ρ.
1443 3977 1480 4044 V.
1504 3977 1602 4040 Perse

448 4191 466 4225 ⁸
493 4181 578 4251 Aut,
593 4182 730 4237 att-ba
743 4184 834 4239 verba
846 4199 928 4256 seqq.
943 4200 1031 4256 supra
1043 4199 1121 4239 vers.
1135 4182 1248 4238 addidit
1259 4182 1298 4238 N.

448 4333 459 4366 ¹
497 4335 541 4388 Ex
553 4335 743 4406 autographo
757 4334 788 4389 in
806 4335 904 4406 Epist.
919 4335 1037 4406 Natat„
1050 4335 1089 4404 11,
1103 4331 1292 4406 duplicifol„
1304 4344 1356 4401 225
1369 4331 1453 4402 (198).
1467 4330 1531 4385 Post
1539 4323 1595 4382 tri·

394 4429 478 4495 ptum
491 4423 529 4476 ab
541 4422 600 4478 illis
613 4423 723 4478 verbis:
740 4424 854 4488 Perire,
868 4424 997 4493 dipoi...‚
1012 4440 1105 4496 usque
1118 4423 1154 4478 ad
1167 4422 1267 4494 finem,
1279 4421 1394 4477 Natalis
1407 4419 1514 4493 propria
1525 4427 1592 4470 mtnu

395 4511 528 4566 exaravit
541 4509 571 4566 in
581 4511 725 4568 schedula
735 4513 844 4577 satura,
857 4513 888 4568 in
900 4511 953 4581 &¹3
967 4527 1042 4584 quae
1051 4527 1133 4567 nunc
1140 4511 1327 4584 agglutina
1336 4509 1469 4584 pagellae
1480 4515 1534 4562 με
1546 4499 1589 4572 epi·

395 4601 492 4654 stolae
505 4601 642 4656 habetur.

451 4689 463 4719 ⁸
500 4685 576 4742 Vide
589 4687 676 4759 epist.
691 4687 756 4759 560,
769 4705 803 4745 n.
819 4686 847 4757 33
861 4688 924 4758 5653
939 4685 1093 4758 emen.
1110 4699 1138 4743 1.
