3318 5376
502 529 534 571 12
553 517 740 600 Dscsnnms
760 515 829 584 1566
1186 509 1238 584 345

80 673 173 758 cipud
187 669 291 736 cader’
308 667 561 756 dispensatione
587 689 631 734 eu
656 688 762 732 causa
784 667 991 744 necessaria
1012 666 1083 731 nisi
1102 665 1192 730 dicat
1206 665 1274 730 ati-

80 789 168 874 onis*
184 807 224 851 cx
238 785 416 850 traditione
432 805 503 850 esse
523 781 752 870 apostolorum
772 783 897 848 audire
916 783 1059 848 missam
1080 780 1197 846 diebus
1215 801 1274 845 sa-

82 905 146 968 cris.
160 902 367 987 Baptismum
383 900 424 965 in
438 899 635 965 necessitate
645 903 754 984 potest
774 898 891 983 quiuis
907 897 922 940 Β
941 897 1114 985 anteferre.
1135 895 1274 981 Confir-

83 1018 165 1082 matio
179 1037 243 1082 nou
254 1021 299 1082 est
318 1015 521 1100 simpliciter
540 1013 746 1093 necessaria,
762 1033 823 1078 nec
843 1018 893 1077 est
902 1011 1061 1098 parochi.
1095 1011 1275 1099 Confessio

82 1132 295 1196 inmensitate
309 1135 341 1196 et
355 1131 519 1196 viaticum
535 1134 771 1195 sacrosanctae
791 1127 1034 1192 Eucharistiae
1049 1127 1124 1192 sine
1138 1131 1274 1211 peccato

79 1253 188 1333 possent
195 1247 432 1332 praetermitti,
444 1245 499 1311 vbi
514 1265 583 1310 non
599 1249 684 1310 esset
699 1245 794 1329 copia
810 1243 1018 1331 confessarii
1033 1242 1087 1306 uel
1102 1242 1270 1307 ministri.

81 1365 119 1426 De
134 1361 204 1428 atir's
221 1363 445 1426 sacramentis
465 1381 534 1426 nou
554 1364 603 1425 est
622 1360 817 1446 difficultas.
849 1359 1022 1438 Breuiter,
1050 1357 1080 1424 si
1106 1366 1227 1442 questo
1243 1356 1272 1422 si

81 1477 177 1556 laese,
197 1481 363 1542 constaret
380 1476 569 1562 integritas
588 1475 753 1554 ecclesiae,
773 1477 805 1538 et
825 1473 1052 1539 conscienciae
1071 1473 1230 1557 Episcopi
1241 1477 1273 1536 et

79 1591 218 1674 parrechi,
237 1597 267 1656 et
280 1592 456 1658 doctrinae
473 1595 505 1655 et
524 1590 750 1656 institutionis
774 1589 965 1666 catholicon
981 1589 1036 1655 del
1058 1585 1228 1654 contrario
1242 1586 1272 1652 si

80 1707 185 1790 seguita
198 1704 276 1792 ogni
292 1705 516 1786 corruttione,
530 1726 633 1773 senza
648 1702 790 1771 rimedio
810 1703 933 1770 nisano
949 1705 1111 1769 humana.
1136 1704 1270 1787 Questo

81 1821 127 1885 che
139 1823 176 1886 ho
189 1821 281 1887 detto
296 1843 378 1906 pare
394 1809 583 1906 puotrebbe
600 1819 671 1888 Sua
687 1820 749 1888 Sta
761 1819 940 1885 conceder'
957 1818 1003 1883 ad
1015 1823 1155 1905 tempus,
1167 1817 1272 1882 donec

82 1939 153 2018 copia
164 1943 242 2002 essct
256 1938 406 2002 aliorum
422 1936 678 2001 ministrorum.

130 2050 156 2116 6.
197 2053 347 2120 Sarebbe
373 2049 476 2118 etiam
497 2050 593 2131 utile,
616 2049 739 2131 padre,
769 2071 836 2116 vna
863 2048 1117 2134 dispensatione
1144 2047 1179 2114 di
1201 2048 1273 2116 Sua

81 2165 133 2231 sa.
145 2166 232 2234 cheli
244 2165 402 2234 catholici
414 2167 444 2232 si
458 2175 640 2252 puotesero
656 2163 799 2251 sepelire
814 2164 849 2231 in
862 2162 1040 2243 cimiterio,
1055 2164 1156 2244 doue,
1174 2163 1272 2228 inui-

81 2281 193 2364 tisipsis
205 2287 235 2347 et
254 2303 324 2348 non
341 2281 534 2367 potentibus
553 2281 730 2366 impedire,
751 2280 915 2346 haeretici
933 2280 1099 2364 sepeliunt
1119 2283 1270 2344 mortuos

80 2413 144 2473 suos
157 2399 271 2482 perche
284 2396 382 2482 quasi
394 2395 430 2462 in
442 2395 526 2484 ogni
541 2404 649 2482 parte,
663 2396 753 2462 doue
768 2416 853 2463 sono
866 2393 1039 2461 mescolati
1051 2392 1191 2462 heretici
1204 2414 1269 2460 con

81 2511 214 2594 catholici,
230 2513 253 2578 li
268 2510 411 2581 heretici
427 2532 489 2597 per
504 2511 598 2578 sorza
613 2511 824 2598 sepeliscono
840 2509 862 2575 li
879 2509 954 2576 suoi
970 2508 1070 2576 morti
1085 2508 1121 2575 in
1136 2508 1270 2576 cimite-

81 2622 107 2708 τί]
120 2626 153 2690 de
165 2628 312 2694 acciniae
327 2627 519 2707 catholicae,
536 2636 570 2692 et
586 2626 609 2692 li
626 2625 783 2692 catholici
799 2647 868 2691 non
885 2646 999 2711 puono
1017 2627 1086 2691 iare
1098 2624 1132 2690 di
1148 2645 1269 2691 manco

79 2739 125 2802 die
142 2743 270 2828 sepelire
286 2743 310 2809 li
327 2741 403 2810 suoi
420 2744 458 2808 in
477 2743 590 2808 eodem
607 2743 685 2808 loco.

127 2872 153 2936 7.
193 2859 238 2927 Mi
253 2879 393 2927 occorre
408 2861 466 2924 vn’
486 2859 571 2925 altra
592 2879 672 2925 cosa
686 2879 749 2943 per
768 2856 899 2923 aiutare
920 2856 1116 2938 Germania3
1139 2857 1203 2922 che
1222 2855 1270 2921 mi

81 2989 147 3050 parc,
161 2977 301 3041 secondo
322 2977 388 3043 che
408 2995 447 3041 so
467 2995 528 3060 per
549 2972 759 3060 esperienza,
782 2975 846 3040 che
869 2971 969 3058 pochi
995 2973 1098 3038 fanno
1120 2970 1272 3037 oratione

81 3102 122 3165 per
134 3085 152 3150 li
165 3089 309 3169 heretici,
329 3099 364 3157 et
380 3088 408 3155 si
425 3090 495 3156 cosi
511 3089 531 3155 ὲ
547 3087 847 3168 vniuersalmente,
866 3108 987 3152 manca
1003 3086 1068 3152 alla
1083 3086 1198 3154 chiesa
1213 3105 1271 3151 ca-

81 3199 175 3268 tholica
186 3225 229 3270 vn
244 3227 332 3292 gtan
348 3226 465 3272 mezzo
480 3204 515 3270 di
538 3205 642 3271 ridur’
663 3202 821 3286 heretici;
846 3214 881 3271 et
900 3203 1033 3268 benche
1057 3201 1137 3267 tutti
1159 3201 1272 3285 questi

79 3310 149 3380 siano
165 3321 284 3388 exclusi
300 3319 317 3363 ‘¹
338 3343 358 3387 a
375 3323 576 3386 comunione
591 3321 717 3386 missae
740 3324 771 3384 et
791 3319 988 3384 comunium
1009 3318 1270 3406 suffragiorum

80 3429 207 3514 numm,
225 3434 501 3503 nientodimanco
518 3434 546 3502 si
561 3435 753 3522 puotrebbe
770 3444 804 3500 et
820 3455 903 3520 pare
914 3431 1111 3499 douerebbe
1126 3452 1271 3518 pregare

79 3545 196 3622 priuatis
218 3552 429 3617 orationibus
443 3559 512 3637 pro
539 3551 620 3631 iltis,
646 3556 685 3615 ut
710 3529 885 3616 Dominus
913 3548 1141 3626 illuminaret,
1162 3550 1193 3611 et
1212 3565 1269 3610 re-

82 3655 185 3727 doura
207 3685 266 3746 eos,
287 3677 355 3734 etc.
381 3669 537 3733 Pensaua
556 3686 595 3731 se
615 3664 702 3732 saria
723 3668 839 3731 buono
860 3663 1085 3750 rapresentar'
1107 3671 1229 3746 questo
1250 3682 1270 3726 a

83 3768 134 3836 Sua
144 3775 219 3860 stt,
235 3784 297 3848 che
313 3781 387 3847 dasi
403 3779 521 3847 ordine
537 3801 597 3867 per
614 3778 695 3846 tutti
711 3779 735 3844 li
758 3777 915 3845 catholici
932 3799 952 3843 a
967 3797 1111 3863 pregare
1131 3796 1191 3861 per
1206 3777 1269 3840 he-

85 3885 153 3952 retici
166 3893 221 3960 che
236 3896 340 3963 Dioli
360 3906 535 3978 conuerta,
554 3904 589 3962 et
604 3895 707 3963 etiam
723 3917 784 3980 per
799 3893 823 3959 li
844 3891 955 3959 turchi
977 3902 990 3934 ⁰
1012 3901 1047 3958 et
1067 3890 1165 3970 mori,
1191 3911 1268 3976 per-

84 3999 128 4066 cle
145 4001 263 4075 fDioli
284 4009 460 4078 conlundi:
480 4009 538 4097 gia
554 4009 849 4090 ordinariamente,
875 4006 1051 4094 supposita
1070 4007 1094 4072 l'
1117 4005 1270 4072 obstina-

85 4111 152 4186 tione
164 4121 237 4206 loro,
255 4147 361 4212 prega
377 4127 409 4192 la
425 4124 541 4192 chiesa
557 4127 596 4190 in
612 4123 811 4190 comunibus
826 4124 1029 4212 suffragiis.

130 4232 156 4299 8·
195 4239 234 4306 D'
255 4263 323 4310 ana
345 4261 425 4308 cosa
447 4241 693 4327 grandemente
708 4239 737 4306 si
758 4238 951 4305 lamentano
967 4237 1003 4304 in
1020 4236 1225 4320 Alamagnia
1245 4235 1269 4302 li

86 4363 253 4391 *³*—

121 4451 134 4485 Ι
154 4447 330 4510 Emendatum
349 4471 367 4509 a
385 4453 456 4510 libr.
472 4470 511 4508 ex
523 4453 586 4507 uisi
597 4450 792 4508 dicatum-1³
803 4451 997 4508 Emendatum
1011 4469 1028 4506 a
1041 4449 1082 4506 N.
1100 4467 1137 4504 ex
1150 4449 1272 4520 quis.—

85 4535 94 4566 ⁶
116 4530 228 4608 Sequitur
238 4562 296 4600 uon
314 4541 575 4600 obliteratum-d
588 4540 815 4598 Emendatuma
834 4542 872 4597 N.
892 4559 930 4596 ex
949 4540 1129 4596 exclusa-e
1151 4539 1272 4593 averba

88 4630 146 4693 wli·
160 4642 235 4700 wara
250 4651 326 4690 vers.
346 4633 460 4689 addidit
479 4630 603 4703 libref
618 4630 708 4687 Aliud
720 4632 769 4688 che
786 4630 917 4687 additum
937 4639 984 4686 est
1001 4647 1018 4684 a
1035 4629 1102 4686 libr.
1117 4636 1183 4702 post
1202 4631 1270 4699 per·

87 4703 133 4777 ut,
143 4713 185 4768 ⁸011
194 4718 349 4778 rodundme
360 4721 490 4778 videtur.
