3322 5376
566 427 601 483 28
620 429 748 484 Aemus
770 427 837 498 1567

657 579 743 640 1128

415 688 455 753 Ρ.
482 687 792 755 HIERONYMUS
816 688 980 758 NADAL

337 790 518 852 SANCTO
543 791 805 850 FRANCISCO
830 795 888 850 DE
913 794 1057 868 BORJA

350 901 521 947 ausussna
532 902 752 959 rnnvrnonuu,
766 889 801 944 28
813 903 933 948 innius
949 892 1017 964 1567
1028 893 1048 950 ¹.

100 997 123 1038 1.
138 983 344 1058 Difficultotes,
357 1005 394 1042 ex
411 989 600 1061 responsione
614 987 747 1060 Bergine
760 993 878 1044 exortos
890 989 923 1044 in
936 991 1136 1047 contractibus
1147 991 1310 1065 fundatio·

127 1091 202 1138 num,
212 1075 347 1146 exponit:
359 1075 430 1130 inde
442 1072 638 1146 differuntur
649 1075 846 1130 admissiones
858 1075 1056 1150 collegiorum
1070 1079 1177 1151 Spirae
1190 1085 1218 1136 et
1231 1081 1309 1136 Her·

124 1163 297 1234 bitum-2.
315 1163 359 1218 De
371 1164 435 1218 suis
446 1163 615 1219 itineribus.
623 1193 651 1204 -
656 1177 681 1233 3.
698 1161 904 1235 Constantine,
913 1165 948 1219 ob
957 1167 1039 1221 airis
1051 1167 1309 1240 imainbritotem,

122 1251 276 1324 collegium
297 1253 425 1308 minime
446 1253 668 1306 instituendum
684 1252 915 1320 existima-4.
936 1254 1068 1310 Advenit
1081 1255 1258 1324 Monureus,
1272 1263 1306 1312 ut

122 1341 153 1394 de
171 1341 292 1414 eollegii
311 1342 508 1396 medianensis
523 1341 713 1396 institutione
729 1357 797 1396 cum
815 1339 924 1396 Natali
941 1346 1095 1416 agat-5.
1118 1345 1239 1401 Novum
1256 1364 1306 1401 ar·

121 1430 330 1503 cliepiscopum
343 1429 538 1486 trevirensem
557 1429 669 1485 Romae
683 1430 890 1485 commendari
901 1448 922 1485 a
934 1431 1053 1504 Borgia
1062 1433 1242 1505 poscit-o.
1256 1435 1307 1490 ln·

121 1518 435 1590 dulgentiaeomnesv
444 1517 587 1591 pontifice
600 1521 791 1574 revocantur.
1052 1513 1055 1522 '

153 1635 178 1683 1.
219 1619 319 1704 Jhus.
340 1617 449 1683 Molto
466 1615 549 1682 Rdo.
568 1618 605 1683 P.
625 1617 668 1683 Ν.
689 1601 724 1681 iri
741 1614 890 1684 Christo.
911 1619 983 1684 Pax
1000 1616 1141 1699 Christi,
1160 1629 1226 1688 etc.
1246 1623 1305 1689 Ho

95 1743 136 1796 tre
149 1731 264 1800 lettere
278 1731 369 1800 della
385 1732 426 1797 Ρ.
445 1733 503 1811 V.,
522 1751 589 1797 vna
604 1732 647 1814 de
664 1747 719 1813 2ο,
736 1742 771 1799 et
787 1732 854 1797 due
869 1730 949 1800 delli
961 1749 1003 1798 22
1017 1731 1052 1798 di
1068 1735 1197 1800 Marzo.
1213 1736 1256 1800 Et
1268 1736 1303 1802 di

95 1847 189 1928 quelle
214 1847 262 1912 mi
288 1867 354 1912 son
381 1847 488 1913 molto
512 1844 713 1932 rallegrato,
738 1847 870 1930 partim
894 1844 1104 1913 intendendo
1131 1849 1163 1916 le
1189 1849 1304 1918 buone

96 1982 193 2030 nnoue
206 1963 271 2029 che
285 1963 319 2030 la
336 1962 377 2027 P.
397 1963 440 2029 V.
459 1963 487 2026 s’
505 1962 549 2027 ha
564 1961 714 2046 degnata
728 1958 923 2041 scriuermi,
941 1971 976 2027 et
991 1961 1232 2048 specialmente
1247 1965 1304 2032 del

96 2073 172 2142 buon
185 2075 353 2163 principio
367 2074 412 2142 de
429 2073 628 2143 fundatione
642 2075 697 2140 del
712 2073 858 2162 collegio
873 2075 907 2141 di
928 2077 1038 2142 Roma
1053 2125 1061 2157 ,
1074 2077 1207 2163 partim
1223 2101 1304 2165 per-

94 2193 145 2257 che
158 2193 200 2258 ho
216 2192 305 2259 vista
316 2192 350 2258 la
366 2189 565 2258 risolutione
580 2190 669 2259 della
685 2192 725 2257 Ρ.
745 2192 803 2271 V.,
822 2191 855 2256 la
870 2190 970 2276 quale
990 2200 1085 2257 tanto
1107 2195 1221 2279 tempo
1237 2195 1303 2261 ha-

92 2326 166 2373 ueuo
179 2307 381 2375 desiderata.
398 2308 442 2373 Et
457 2306 588 2371 vtinam
610 2304 678 2372 fusi
697 2314 823 2371 venuta
842 2326 904 2391 per
920 2314 1009 2372 tutto
1030 2305 1225 2376 Nouembre
1249 2309 1300 2376 al-

92 2443 210 2504 manct),
231 2423 350 2509 perch'
371 2420 406 2509 io
428 2421 464 2487 in
488 2418 611 2487 nisuna
632 2419 783 2488 maniera
803 2417 889 2487 sarei
909 2430 1046 2504 passato
1066 2430 1161 2488 tanto
1182 2423 1299 2490 auanti

92 2555 170 2602 come
183 2537 306 2623 passai,
325 2535 504 2623 pensando
519 2535 590 2601 lare
604 2535 638 2601 la
652 2535 791 2602 volontb
802 2535 891 2603 della
907 2537 948 2602 Ρ.
964 2537 1007 2603 V.
1021 2546 1056 2602 et
1071 2535 1095 2600 il
1112 2535 1196 2605 utile
1210 2539 1299 2606 della

92 2651 298 2740 Compagnia.
318 2655 376 2720 Ma
391 2660 513 2736 questo
529 2671 643 2718 errore
665 2649 732 2716 mio
752 2650 879 2717 andare
899 2670 963 2716 con
986 2650 1071 2717 tanti
1094 2652 1171 2718 altri
1191 2653 1298 2719 errori

93 2765 156 2832 miei
169 2770 230 2838 che
245 2772 292 2835 ho
308 2769 394 2835 fatto
409 2775 444 2833 et
460 2765 572 2842 fascio
591 2764 913 2850 quotidianamente.
937 2765 963 2831 Il
983 2763 1131 2852 Signore
1151 2767 1197 2833 mi
1217 2788 1298 2854 per-

91 2879 169 2948 doni.
187 2885 229 2951 V.
248 2886 290 2950 P.
309 2883 357 2948 mi
372 2880 428 2948 dia
447 2880 480 2946 la
502 2877 711 2966 penitentia:
734 2881 767 2945 la
784 2880 856 2948 iarb
871 2879 1060 2948 volentieri.
1084 2882 1121 2947 lo
1140 2881 1295 2964 intend0,

92 2997 195 3080 Padre,
212 3000 325 3066 chela
337 3000 377 3065 P.
394 2999 437 3065 V.
452 2994 496 3061 di
508 2993 627 3064 ordine
642 2995 709 3064 che
725 2997 757 3062 la
773 2993 987 3082 Compagnia
998 2995 1027 3062 si
1039 2997 1129 3082 possi
1142 2997 1296 3084 obligare

90 3113 323 3194 atuttilettori,
340 3111 445 3180 leuati
461 3109 565 3196 quelli
581 3111 623 3178 de
640 3110 814 3198 theologia
835 3133 856 3178 o
879 3110 950 3178 casi
969 3110 1004 3176 di
1027 3111 1240 3195 eonscienza,
1258 3125 1292 3181 et

89 3228 254 3298 confessori
270 3239 306 3299 et
321 3225 536 3316 predicatori.
556 3225 678 3294 Vorrei
693 3225 870 3294 intendere
885 3247 923 3294 se
939 3227 961 3292 l’
979 3226 1188 3313 obligatione
1203 3230 1229 3296 ε’
1247 3231 1295 3296 ha

90 3341 123 3408 da
136 3343 199 3414 lare
212 3365 281 3412 con
296 3341 495 3423 conditioni,
513 3361 535 3408 o
551 3342 618 3410 che
627 3351 644 3384 ⁸
657 3340 707 3408 sia
720 3351 839 3408 mutua
851 3342 874 3406 l’
888 3340 1108 3428 obligatione,
1123 3362 1220 3410 come
1233 3365 1293 3429 per

91 3454 115 3522 le
127 3458 351 3527 constitutioni
366 3479 448 3546 pare
464 3459 528 3525 che
548 3456 577 3524 si
592 3459 662 3543 pub
684 3457 765 3537 sare,
784 3465 819 3524 et
834 3459 862 3522 s'
880 3457 898 3524 ὲ
920 3457 1004 3522 fatto
1025 3457 1111 3523 altro
1127 3467 1253 3543 temp0‚
1271 3479 1296 3525 o

94 3591 159 3639 uero
172 3577 234 3646 che
249 3575 386 3643 saccino
401 3575 474 3641 loro
489 3574 521 3640 le
536 3571 710 3640 donationi
726 3571 871 3657 simplici
882 3582 916 3639 et
928 3593 1029 3640 senza
1046 3571 1244 3653 conditioni,
1258 3587 1293 3640 et

92 3687 186 3756 chela
200 3689 415 3778 Compagnia
429 3687 561 3775 oblighi
576 3709 615 3755 se
629 3696 750 3769 stessa,
765 3708 862 3756 come
873 3687 903 3754 si
914 3689 934 3754 ὲ
947 3688 1031 3753 fatto
1042 3685 1079 3752 in
1093 3687 1244 3767 Cuenca‚
1259 3701 1294 3757 et

93 3801 144 3867 co’l
161 3807 327 3874 cardinale
348 3806 382 3871 d'
400 3805 572 3891 Augusta.
597 3804 730 3887 Questo
753 3823 823 3868 non
851 3823 951 3890 posso
974 3800 1131 3871 intendet
1157 3801 1293 3870 chiara-

92 3929 186 3987 mente
205 3923 294 3988 defle
314 3923 435 3990 lettere
455 3919 545 3986 della
565 3920 606 3985 Ρ.
626 3918 669 3984 V.
690 3919 728 3986 L’
748 3919 833 3985 altra
848 3917 1011 3985 difficolti
1032 3917 1099 3986 mia
1119 3919 1137 3985 ὲ
1158 3930 1294 4003 questa:

90 4047 196 4113 quanto
209 4039 242 4106 al
257 4057 402 4104 numero
413 4035 449 4102 di
464 4033 590 4117 tenori,
605 4033 756 4118 aquanti
772 4032 885 4100 lettori
897 4032 927 4100 si
942 4031 1110 4120 possiamo
1127 4033 1294 4121 obligare,

90 4165 136 4227 ptr
148 4163 268 4237 quanta
284 4151 429 4232 rendita,
447 4172 469 4216 ο
484 4170 522 4218 se
539 4151 605 4216 alla
624 4153 664 4216 Ρ.
684 4152 727 4218 V.
746 4172 829 4236 pare
845 4150 910 4218 che
927 4148 1108 4216 habbiamo
1119 4149 1164 4216 da
1178 4149 1297 4236 segui-

90 4265 262 4286 ⁵5—-

128 4327 142 4360 ¹
164 4320 372 4378 Praecedentie
386 4319 560 4376 emendavit
570 4321 636 4376 libr.
649 4338 687 4376 ex
697 4323 738 4377 do
745 4322 821 4395 sare
834 4337 914 4376 come
927 4320 1107 4384 conditione,
1118 4336 1135 4373 o
1148 4337 1220 4375 uero
1233 4320 1296 4376 cite.

89 4411 262 4430 Ἢ

132 4455 139 4486 ¹
169 4455 209 4511 Er
233 4457 411 4528 archetypo,
435 4473 453 4511 a
475 4453 611 4527 Jimenez
630 4463 760 4523 exarato,
783 4464 814 4511 et
833 4454 946 4511 Natalis
965 4471 1053 4510 manu
1072 4454 1247 4526 subscripto,
1270 4453 1304 4512 in

94 4537 172 4609 Epist.
184 4545 301 4618 Natat„
315 4545 355 4617 11,
368 4543 479 4617 duplici
493 4543 563 4617 ioh,
584 4544 632 4600 181
653 4547 727 4618 (422,
746 4542 820 4615 423).
838 4543 914 4600 Vide
931 4542 1071 4616 epistolas
1087 4555 1219 4614 470-472,
1237 4543 1302 4617 qul·

94 4625 138 4684 bus
148 4631 189 4689 hic
199 4633 406 4708 respondetur.
