3414 5374
425 469 480 540 ⁶7²
805 469 909 526 Ernst.
931 468 963 524 P.
984 467 1189 540 Nanos-560

388 623 439 710 gli
461 619 620 707 quatrini,
644 628 729 687 ma·
747 619 782 686 di
808 629 929 706 questo
955 619 1069 690 scriuo
1089 620 1192 688 etiam
1216 623 1249 689 al
1265 625 1305 689 Ρ.
1330 624 1517 690 Benedetto
1540 625 1548 658 ¹
1568 635 1601 693 et

389 739 427 805 al·
443 740 484 805 Ρ.
508 734 661 804 Oliuerio
675 736 701 802 ¹.
726 737 774 819 Ιο,
798 735 921 816 Padre,
939 736 985 804 ho
1012 736 1080 803 bon
1102 736 1215 806 animo
1241 737 1297 804 alli
1324 738 1425 804 studii
1444 748 1480 804 et
1495 739 1598 824 potria

389 873 483 920 esser
494 853 560 918 che
576 872 645 920 non
661 850 791 918 fussino
805 851 860 918 del
876 859 965 919 tutto
981 849 1105 934 inutili,
1117 861 1152 920 et
1167 873 1205 922 se
1219 861 1275 920 sto
1288 853 1385 934 male,
1398 873 1420 918 o
1431 852 1477 919 mi
1493 874 1594 934 moro,

390 977 485 1036 tanto
503 966 562 1054 pib
583 976 697 1052 presto
720 964 769 1052 gli
790 965 867 1032 libri
888 985 1057 1033 verranno
1072 987 1093 1032 a
1108 967 1227 1034 Roma.

457 1102 487 1168 3.
532 1080 599 1149 Doi
615 1101 693 1148 cose
709 1091 843 1149 restano
858 1080 901 1146 de
917 1082 981 1146 che
995 1101 1118 1168 pregar
1134 1081 1199 1148 alla
1214 1084 1255 1148 Ρ.
1270 1083 1327 1148 ΙΙ.;
1345 1104 1413 1148 vna
1431 1104 1492 1168 per
1507 1091 1596 1170 parte

388 1199 478 1266 della
498 1195 629 1282 regina,
659 1194 775 1262 altrat
794 1216 855 1282 per
881 1193 904 1260 il
925 1205 1040 1276 conte,
1068 1205 1277 1282 gouernator
1303 1195 1337 1264 di
1352 1207 1473 1282 questo
1499 1207 1593 1276 stato,

390 1323 487 1380 tanto
502 1310 613 1378 amico
628 1321 663 1378 et
678 1310 870 1378 benefattor
885 1311 973 1377 della
989 1309 1201 1397 Compagnia
1216 1312 1242 1376 ⁸.
1261 1313 1393 1396 Questo
1407 1312 1479 1378 farri
1495 1312 1530 1376 in
1544 1312 1595 1377 doi

388 1427 530 1514 polizze,
544 1448 604 1512 per
615 1447 685 1494 non
696 1429 747 1494 iar
763 1426 795 1494 la
811 1427 929 1494 lettera
941 1426 1056 1513 longa.
1072 1426 1150 1496 Alle
1165 1424 1309 1494 orationi
1320 1426 1407 1493 della
1419 1428 1460 1493 P.
1480 1428 1523 1494 V.
1537 1448 1594 1494 con

390 1545 469 1608 tutt'
488 1543 511 1608 il
526 1563 630 1610 cuore
645 1540 691 1608 mi
707 1539 901 1607 ricomando
917 1551 952 1606 et
967 1539 1047 1609 delli
1059 1539 1161 1608 Padri
1177 1540 1359 1621 assistenti,
1374 1541 1554 1609 secretario
1564 1554 1594 1612 et

389 1656 465 1724 altri
482 1656 584 1722 Padri
599 1665 634 1722 et
650 1654 784 1724 fratelli.
799 1655 825 1720 ΙΙ
842 1654 967 1742 Signor
983 1655 1141 1726 conserui
1156 1656 1190 1722 la
1206 1657 1246 1723 P.
1261 1657 1304 1724 V.
1318 1677 1378 1742 per
1391 1677 1477 1743 gran
1490 1667 1595 1744 tempo

388 1792 455 1842 con
470 1772 554 1858 ogni
569 1770 755 1858 prosperita
770 1771 859 1839 nella
874 1791 936 1838 sua
951 1769 1068 1840 diuina
1083 1770 1238 1842 Maiesti.
1256 1771 1379 1840 Amen.
1450 1791 1452 1794 ·

454 1887 499 1954 Di
516 1887 616 1966 Haila,
635 1901 675 1970 25
691 1885 735 1976 de
751 1886 887 1972 Agosto
902 1901 997 1969 1574.
1015 1887 1060 1952 D.
1080 1887 1120 1954 P.
1139 1887 1184 1955 V.
1201 1908 1302 1955 seruo
1318 1885 1353 1954 in
1369 1887 1446 1966 X.⁰,

447 2005 452 2018 '
1195 2001 1218 2088 †
1240 2002 1377 2072 Naum..
1403 2000 1426 2088 †

455 2117 479 2204 †
495 2118 544 2185 La
560 2115 679 2204 regina
694 2116 872 2185 Madalena
887 2116 900 2149 ⁴
916 2137 1023 2203 praga
1049 2117 1114 2184 alla
1131 2119 1170 2183 P.
1194 2117 1237 2183 V.
1266 2117 1331 2183 che
1353 2115 1498 2202 voglioc
1517 2135 1591 2182 con·

390 2233 492 2303 ceder
518 2235 581 2302 che
606 2253 675 2298 vna
694 2232 787 2298 volta
809 2232 930 2300 alcuno
950 2231 985 2298 di
1005 2231 1111 2300 nostri
1133 2230 1234 2298 Padri
1254 2229 1400 2298 confessi
1418 2253 1465 2296 vn
1485 2251 1591 2300 mona-

388 2347 491 2416 sterio
507 2347 541 2414 di
556 2347 734 2414 monache.
753 2347 815 2416 Sta
831 2345 980 2434 pmiglie
991 2347 1025 2413 di
1040 2346 1180 2433 Dilinga
1194 2346 1230 2412 in
1246 2355 1336 2414 terra
1346 2344 1521 2412 catholica.
1533 2343 1593 2412 Gia

387 2463 412 2527 l’
429 2484 519 2530 anno
539 2471 673 2548 passato
700 2461 749 2549 gli
775 2462 931 2530 confesso
951 2461 975 2528 il
996 2464 1037 2529 P.
1068 2463 1256 2546 Laurenco.
1284 2462 1416 2530 Adesso
1432 2481 1499 2528 con
1514 2481 1590 2546 gran

388 2576 550 2644 instantia
565 2578 598 2642 lo
614 2576 772 2644 dimanda
791 2577 823 2644 la
839 2577 959 2664 regina
974 2587 1008 2644 et
1024 2576 1047 2643 il
1061 2575 1078 2620 <¹
1096 2586 1198 2643 conte
1218 2586 1252 2644 et
1272 2577 1306 2642 la
1322 2585 1471 2642 contesa.
1499 2576 1541 2642 V.
1555 2577 1588 2640 P.

388 2712 496 2778 prego
512 2692 560 2778 gli
576 2691 683 2759 faccia
698 2693 730 2758 la
746 2692 855 2779 gratia
872 2695 895 2759 ³.
915 2695 956 2760 L'
973 2693 1059 2758 altro
1080 2691 1226 2778 negocio
1248 2691 1303 2760 del
1326 2701 1425 2760 conte
1447 2691 1520 2758 seri
1539 2709 1591 2776 per

388 2807 475 2873 altra
490 2808 593 2890 volta;
611 2807 735 2894 perche
750 2808 869 2874 adesso
885 2829 954 2874 non
969 2807 1016 2874 mi
1031 2809 1065 2874 sa
1079 2805 1255 2876 instantia.

1240 2922 1264 3010 †
1286 2923 1424 3036 annu.

1337 3037 1359 3098 Ι

442 3197 459 3230 ²
487 3186 626 3259 Sequitur
637 3189 667 3242 io
684 3187 935 3244 obliteratum-b
945 3187 1010 3242 Hoc
1023 3188 1109 3242 verb.
1126 3203 1213 3259 supra
1226 3203 1307 3243 vers.
1323 3185 1433 3242 addidit
1445 3187 1531 3240 ΙΙΙ-ε
1544 3183 1589 3238 Se·

387 3275 487 3350 quitur
505 3277 645 3332 conceder
661 3276 858 3342 obliteratum,
881 3276 949 3348 quia
971 3275 1017 3332 bis
1038 3275 1178 3348 scriptum
1200 3275 1295 3332 fuerat
1312 3292 1329 3332 a
1347 3275 1444 3331 N,..n
1464 3273 1589 3346 Sequitur

389 3367 482 3420 conde
495 3365 684 3420 obliteratum
696 3382 714 3421 a
726 3365 763 3421 N.

443 3516 451 3548 ¹
489 3515 629 3584 Palmius,
643 3517 784 3572 assistens
796 3516 912 3572 Italiae.

441 3605 452 3638 ²
488 3605 654 3676 ManareuS‚
666 3603 808 3660 assistens
821 3603 996 3660 Germaniae
1009 3612 1040 3660 et
1051 3604 1174 3661 Galliae.

440 3691 452 3725 ³
489 3691 726 3764 Schwickardus,
743 3709 842 3749 comes
864 3692 901 3748 de
919 3693 1115 3764 Helfenstein,
1132 3693 1171 3748 de
1187 3709 1244 3766 quo
1257 3692 1325 3748 vide
1341 3693 1382 3748 sis
1398 3693 1585 3756 Aesimum,

388 3781 444 3835 loc.
459 3780 522 3844 cit,
536 3781 600 3836 dec.
616 3781 669 3852 111,
682 3799 712 3836 n.
729 3793 789 3850 1473
804 3789 834 3836 et
846 3782 910 3838 dec.
925 3782 977 3852 IV,
990 3799 1023 3836 n.
1043 3794 1106 3851 140.

441 3871 453 3904 ⁸
489 3871 537 3924 De
552 3871 655 3941 regina
673 3869 855 3942 Magdnlena,
874 3870 996 3944 ejusque
1013 3871 1160 3926 sororibus
1173 3871 1288 3944 saepius
1301 3869 1410 3926 dictum
1427 3879 1474 3925 est
1490 3869 1518 3925 in
1534 3866 1584 3940 epi·

387 3957 471 4013 stolis
482 3958 739 4030 praecedentibus.

441 4052 452 4084 ⁵
491 4047 525 4103 In
538 4048 677 4118 Regesto,
693 4047 765 4104 Cod.
785 4063 818 4119 33
830 4049 875 4120 j),
892 4049 946 4105 fol.
965 4048 996 4104 18
1009 4067 1039 4120 v,
1052 4049 1125 4104 haec
1141 4049 1265 4103 habetur
1280 4045 1419 4102 Everardi
1435 4043 1585 4119 responsio,

387 4135 561 4209 provinciali
573 4135 748 4194 Germaniae
761 4136 809 4194 die
825 4149 857 4208 17
874 4136 1012 4196 Octobris
1029 4136 1106 4192 data:
1126 4137 1177 4191 nR.
1197 4136 1232 4191 P.
1255 4133 1368 4190 Natalis
1381 4134 1481 4190 scribit
1498 4132 1532 4188 ad
1547 4147 1587 4186 me

386 4224 520 4297 reginam
533 4224 736 4295 Magdalenam
748 4242 866 4297 cupere,
878 4234 909 4281 ut
919 4226 1012 4282 nostri
1025 4227 1115 4281 semel
1128 4223 1247 4280 audiant
1258 4221 1455 4279 confessiones
1466 4237 1586 4295 quarum·

386 4313 454 4370 dam
471 4317 688 4382 monacharum,
707 4332 782 4387 quae
804 4315 922 4386 Dilinga
944 4316 1052 4370 absunt
1073 4313 1168 4386 spatio
1185 4329 1291 4369 nouem
1308 4311 1427 4368 millium
1450 4325 1586 4384 passuum.

386 4401 506 4474 Cogitet
518 4405 554 4459 R.
568 4404 603 4458 T.
617 4403 688 4476 quid
703 4421 737 4459 ea
750 4402 780 4460 in
792 4402 994 4474 tangendum,
1010 4420 1046 4460 ac
1064 4401 1121 4459 uisi
1136 4401 1208 4476 quid
1224 4400 1424 4474 impedimenti
1442 4399 1525 4456 isthic
1540 4393 1586 4450 tibi

386 4489 560 4546 Patribusue
574 4489 718 4561 uideatur,
732 4490 875 4563 desidero,
891 4499 923 4548 ut
936 4491 1002 4563 piae
1014 4491 1159 4548 uoluntati
1170 4489 1290 4562 reginae
1302 4488 1433 4546 satisfiat.
1448 4490 1492 4543 Ac
1508 4485 1586 4542 sino

385 4577 454 4634 stris
467 4578 594 4634 eundum
608 4578 658 4635 illo
671 4580 721 4648 sit,
732 4579 761 4635 id
770 4579 821 4636 fiat
830 4597 897 4634 cum
910 4579 997 4636 uenia
1010 4578 1151 4652 episcopi,
1161 4595 1329 4651 eorumque,
1342 4575 1455 4650 adquos
1461 4573 1585 4648 pertinet,

385 4665 515 4738 benigno
528 4683 660 4726 assensu.
