3322 5376
432 441 487 512 484
692 406 695 414 Ι
820 442 923 496 Ense.
946 438 979 495 Ρ.
999 437 1202 510 Naum-485

463 596 589 663 Facere
600 603 616 638 ⁸
626 595 676 661 sic
688 594 830 661 idoneos
842 592 1070 675 coadiutoreS,
1082 601 1119 658 vt
1130 589 1262 680 possint
1273 611 1316 658 ex
1328 589 1484 658 doctrina
1494 592 1609 661 habere

395 708 620 777 ministerium
636 708 670 775 in
687 706 851 789 Ecclesia,
866 717 900 776 et
915 707 964 775 ita
973 706 1072 792 quasi
1088 705 1189 774 faciet
1204 704 1287 793 ipsis
1298 705 1452 774 Societas
1468 705 1604 788 titulun,

395 824 485 892 vnde
498 823 628 910 possint
643 823 772 890 viuere.

462 938 532 1024 Qui
544 939 783 1020 dimitteretur,
797 947 1071 1026 praesentaretur
1082 937 1253 1024 episcopo
1264 947 1299 1006 et
1311 959 1378 1004 non
1387 936 1605 1004 dimitteretur

393 1056 523 1140 absque
539 1053 613 1123 eius
624 1074 805 1122 consensu:
820 1053 892 1140 qui,
910 1053 938 1122 si
954 1053 1029 1122 eius
1045 1051 1230 1120 ministerio
1242 1063 1332 1122 esset
1347 1063 1547 1132 contentus,
1560 1064 1602 1121 te·

393 1180 534 1239 neretur
550 1168 597 1234 illi
613 1169 805 1255 prouidere.

459 1285 551 1352 Idem
568 1293 620 1354 est
636 1286 679 1351 de
694 1283 868 1371 protessis,
886 1282 944 1350 vbi
958 1282 1189 1364 dimittuntur,
1203 1305 1273 1351 non
1288 1293 1369 1350 sunt
1383 1283 1545 1351 exercitio
1558 1303 1604 1350 re·

391 1398 517 1486 ligiosi,
537 1421 601 1468 nee
618 1401 745 1468 habent
760 1399 978 1468 beneficium.
996 1399 1034 1470 Si
1050 1397 1159 1466 dicas:
1178 1400 1269 1467 alere
1289 1409 1426 1466 tenetur
1446 1398 1521 1466 illos
1536 1397 1602 1465 reli-

392 1513 461 1600 gio:
480 1515 611 1582 alemus
627 1524 661 1583 et
678 1537 743 1582 nos
758 1517 834 1596 hoS,
852 1515 882 1582 si
897 1537 967 1582 non
990 1515 1122 1601 possint
1143 1513 1308 1600 consequi
1332 1513 1536 1582 beneficium
1556 1515 1601 1582 vel

392 1629 541 1711 titulum,
560 1641 625 1698 etc.

435 1747 488 1814 Ne
504 1745 704 1815 ordinentur
716 1745 825 1814 nostri
840 1745 950 1814 donec
965 1754 1047 1812 sunt
1062 1745 1097 1812 in
1112 1743 1252 1826 studiis,
1270 1765 1334 1813 nec
1354 1744 1482 1813 deinde
1503 1743 1598 1812 donec

390 1871 471 1927 sunt
488 1859 539 1945 3.⁰
555 1882 645 1928 anno
665 1861 815 1947 probati;
834 1861 926 1947 quod
946 1871 998 1929 est
1014 1881 1057 1928 ex
1072 1858 1239 1926 instituto.
1258 1858 1413 1927 Tandem
1427 1861 1517 1927 bona
1530 1879 1597 1945 pars

388 1973 514 2060 poterit
533 1975 635 2041 trium
656 1986 813 2043 votorum
834 1975 947 2044 facere
966 1973 1227 2061 professionem:
1244 1973 1303 2058 qui
1319 1995 1389 2040 non
1403 1973 1596 2042 videbuntur

388 2089 459 2174 apti
474 2090 516 2155 ad
532 2088 791 2175 professionem,
805 2101 854 2171 vt,
873 2091 1031 2157 consulto
1054 2088 1226 2176 episcope,
1246 2087 1447 2156 ordinentur
1462 2089 1504 2157 ad
1526 2088 1596 2155 titu-

387 2204 457 2269 lum
474 2203 684 2274 voluntariae
699 2203 908 2292 paupertatis
924 2213 958 2272 et
974 2203 1173 2272 sufficientis
1185 2203 1394 2284 literaturae,
1408 2205 1501 2290 quod
1511 2202 1594 2288 equi-

388 2319 495 2404 pollet
510 2319 728 2405 patrimonio.

453 2434 491 2503 Si
503 2435 546 2500 ad
557 2434 735 2502 titulum...
751 2435 865 2503 nullus
877 2434 983 2521 igitur
994 2433 1172 2502 coadiutor
1183 2433 1338 2521 simplex:
1350 2456 1420 2502 non
1433 2431 1593 2522 promissio

387 2547 582 2616 dimittendi
597 2550 686 2617 bona
707 2550 734 2616 b.

450 2664 633 2750 Inscriptio
649 2666 687 2730 in
704 2671 829 2750 quarta
839 2666 999 2752 pagina:
1014 2665 1038 2753 †
1053 2665 1099 2732 Al
1119 2686 1202 2752 muy
1217 2665 1291 2733 R.⁶⁰
1302 2687 1347 2734 en
1362 2668 1459 2752 Xpo.
1480 2665 1588 2744 Padre,

384 2780 417 2848 el
433 2781 473 2845 P.
492 2782 528 2846 M
533 2788 573 2845 .¹⁰
588 2779 787 2846 Hieronimo
802 2780 924 2860 Nadal,
941 2779 1107 2847 visitador
1121 2800 1166 2848 en
1181 2781 1231 2848 las
1254 2779 1449 2868 prouincias
1463 2783 1503 2849 de
1518 2780 1588 2848 Ale

384 2902 485 2961 mana
499 2915 522 2978 y
537 2893 681 2960 Francia
696 2895 739 2962 de
754 2894 786 2961 la
801 2894 989 2980 Compania
1010 2895 1054 2962 de
1075 2896 1189 2983 Jesus.
1208 2897 1260 2962 En
1284 2895 1440 2964 Louanio
1456 2902 1477 2964 ό
1491 2894 1589 2962 donde

382 3007 565 3077 estuuiere.
584 3008 694 3074 Manu
715 3010 838 3075 Patris
860 3009 992 3077 Nadat:
1008 3009 1029 3097 †
1046 3025 1067 3092 7
1083 3009 1126 3078 de
1146 3009 1244 3078 Iunio
1265 3012 1320 3094 67.
1345 3013 1531 3098 Vestigium
1548 3009 1588 3076 si-

379 3123 473 3210 gilli.
492 3124 574 3190 Alia
590 3124 691 3190 verba
707 3124 840 3192 addidit
856 3125 927 3211 ipse
943 3126 988 3192 P.
1007 3125 1136 3204 Nadat;
1150 3125 1209 3192 sed
1225 3127 1362 3212 etsemet
1377 3127 1506 3193 delevit.

386 3299 597 3310 ———-

437 3407 453 3442 Β
482 3397 548 3453 Hoc
561 3399 643 3454 verb.
655 3407 686 3453 et
696 3416 778 3472 seqq.
791 3415 885 3474 usque
897 3396 933 3455 ad
946 3398 1035 3456 finem
1048 3406 1116 3456 sunt
1129 3399 1159 3457 in
1181 3399 1229 3458 3.·
1240 3404 1368 3474 page-¹>
1383 3403 1444 3476 Sic,
1461 3419 1541 3459 seusu
1552 3399 1586 3455 iu·

384 3487 521 3556 expleto.
538 3485 615 3541 Vide
624 3485 702 3544 dicta
715 3487 745 3544 in
757 3497 860 3544 annot.
881 3499 908 3545 1.
