3318 5376
417 504 470 560 262
800 497 904 551 Earsr.
925 494 958 548 Ρ.
977 492 1180 563 Ninus-437

381 657 412 722 al
427 661 586 742 presente
601 649 634 716 io
651 647 820 716 truouassi
836 646 872 712 in
884 643 1077 726 Olomuci0,
1096 665 1155 732 per
1170 668 1238 712 non
1261 645 1436 713 offendere
1450 644 1482 708 l'
1503 641 1624 728 impe-

382 780 506 850 ratore,
525 789 563 834 se
579 765 636 852 gia
651 785 721 831 non
737 761 940 848 passassimo
956 758 1071 828 auanti
1091 781 1151 846 per
1166 783 1235 826 non
1256 771 1395 847 potere;
1414 758 1531 844 dopoi
1558 777 1624 823 ue-

382 884 496 951 dendo
513 891 607 948 tanta
624 878 814 963 frequentia
830 877 873 944 de
889 875 1050 956 scholari,
1073 885 1107 944 et
1128 886 1222 942 tanta
1237 875 1464 962 aspettatione
1484 873 1525 939 di
1544 874 1619 958 piu,

380 1002 405 1069 l'
424 995 538 1066 animo
554 995 643 1064 della
658 993 740 1059 cittl
757 1012 950 1071 commune,
967 991 1156 1077 frequentia
1167 992 1255 1059 delle
1271 989 1442 1078 prediche,
1457 989 1622 1056 essendo

382 1116 448 1181 che
464 1132 549 1179 sono
564 1109 659 1176 molti
672 1091 815 1176 heretici
830 1104 866 1172 in
883 1106 995 1191 quella
1009 1105 1092 1172 citta
1103 1106 1139 1172 di
1149 1106 1284 1174 diuerse
1296 1116 1396 1185 sette,
1411 1115 1445 1172 et
1457 1105 1487 1171 il
1504 1105 1618 1170 buon'

385 1226 498 1296 animo
514 1224 594 1293 delli
610 1221 777 1302 canonici,
795 1230 830 1288 et
846 1222 902 1287 del
917 1241 1066 1290 vescouo
1085 1222 1274 1302 eccelenle,
1293 1220 1339 1286 mi
1361 1219 1552 1286 cominciai
1576 1219 1618 1285 ad

385 1311 647 1421 inclinare,i10n
663 1337 720 1424 gia
736 1359 756 1402 a
771 1337 833 1402 dar
848 1335 994 1422 collegio
1011 1335 1123 1422 piene,
1142 1357 1178 1403 se
1198 1357 1267 1402 non
1283 1356 1494 1404 conseruare
1512 1335 1621 1419 quelli
1652 1299 1653 1338 ¹

385 1459 451 1523 che
466 1465 622 1532 stauann,
640 1463 676 1520 et
691 1453 771 1519 dare
787 1452 819 1518 le
834 1449 1049 1535 occupationi
1065 1452 1129 1519 che
1143 1452 1324 1517 haueuano
1334 1471 1394 1535 per
1409 1449 1442 1516 le
1457 1451 1561 1515 scole
1577 1449 1618 1514 ad

386 1571 475 1638 altri.
494 1571 537 1635 Et
553 1568 702 1654 sapendo
718 1570 781 1633 che
797 1565 832 1632 di
848 1568 962 1651 Praga
973 1577 1007 1634 et
1018 1565 1055 1630 di
1066 1565 1199 1633 Vienna
1215 1575 1339 1651 poteua
1355 1566 1556 1650 prouedere
1568 1583 1619 1644 aa

387 1684 536 1762 maestri,
555 1696 590 1750 et
605 1683 763 1750 hauendo
774 1685 877 1749 Mtr0.
894 1681 1036 1762 Urtado,
1050 1679 1074 1747 il
1091 1681 1190 1767 quale
1201 1683 1336 1747 haueuo
1348 1680 1406 1767 gia
1418 1690 1620 1765 preuenuto

387 1802 426 1866 in
440 1804 598 1865 euentum
614 1797 785 1865 chefosse
801 1795 946 1882 bisogno
962 1795 996 1862 di
1012 1805 1138 1862 rettore
1157 1797 1192 1862 in
1214 1794 1383 1876 Morauia,
1402 1806 1436 1864 et
1453 1793 1618 1861 uedendo

388 1916 453 1983 che
473 1934 542 1978 non
562 1933 620 1978 era
640 1910 749 1978 alieno
769 1911 813 1976 da
832 1911 889 1977 tal’
909 1910 1035 1993 offici0,
1058 1921 1093 1978 et
1115 1909 1322 1998 giudicando
1344 1921 1415 1977 star
1436 1910 1572 1996 meglio
1594 1909 1614 1972 il

388 2031 430 2098 P.
449 2027 589 2095 Andrea
604 2027 677 2092 fora
692 2024 726 2090 di
744 2027 867 2110 Praga,
886 2023 931 2090 mi
947 2023 1146 2092 determinai
1162 2027 1291 2112 parlare
1314 2025 1418 2091 molto
1439 2022 1561 2091 chiaro
1585 2023 1613 2088 al

393 2163 552 2222 vescouo,
571 2163 640 2207 non
656 2139 713 2226 gia
730 2139 930 2208 offerendoli
946 2160 1026 2206 cosa
1040 2139 1251 2226 particolare,
1269 2161 1324 2206 ma
1340 2140 1454 2225 quello
1472 2143 1540 2206 che
1557 2160 1613 2223 po-

390 2256 529 2326 tessimo
542 2255 613 2323 iare
625 2277 645 2320 a
658 2253 854 2320 mediocrita
866 2276 926 2340 per
938 2254 1112 2340 principio.
1128 2257 1171 2322 ht
1183 2255 1339 2322 andando
1351 2278 1372 2322 a
1387 2253 1551 2341 parlargli
1563 2253 1613 2317 col
1654 2217 1655 2280 i

391 2374 428 2439 P.
447 2374 601 2440 Lorenzo
616 2380 651 2438 et
666 2369 691 2435 il
707 2371 746 2436 Ρ.
767 2369 975 2436 Alessandro
990 2370 1026 2436 in
1038 2371 1222 2441 Cremsirio
1237 2374 1259 2454 ¹,
1273 2373 1306 2437 lo
1319 2370 1453 2437 truouai
1466 2392 1535 2436 con
1549 2380 1612 2434 tam

390 2487 505 2552 buona
520 2483 741 2571 dispositione
757 2494 790 2552 et
803 2504 869 2551 con
883 2495 950 2551 tam
963 2487 1093 2570 grande
1103 2485 1319 2555 inclinatione
1335 2509 1355 2552 a
1370 2487 1486 2572 quella
1499 2505 1609 2570 opera,

390 2604 455 2669 che
471 2620 540 2667 non
555 2599 716 2686 poteiudir
732 2620 813 2666 cosa
827 2601 891 2667 che
907 2621 976 2666 non
992 2601 1193 2684 accettassi3
1212 2613 1245 2670 et
1266 2601 1314 2668 lui
1333 2602 1378 2668 da
1397 2624 1435 2670 se
1456 2601 1556 2668 offeri
1579 2596 1611 2662 di

390 2715 559 2803 applicare
576 2737 636 2801 per
656 2712 821 2801 principio
842 2730 907 2798 500
928 2717 1040 2796 taleri,
1058 2719 1102 2784 da
1122 2735 1188 2800 7oo
1208 2720 1272 2784 che
1291 2720 1425 2783 haueua
1444 2715 1610 2803 applicato
1655 2675 1656 2756 i

392 2832 497 2898 simul
513 2831 578 2896 alla
598 2828 812 2916 Compagnia
834 2839 870 2898 et
889 2831 921 2897 al
941 2830 1133 2914 seminario,
1151 2831 1175 2898 il
1195 2835 1259 2898 che
1279 2835 1298 2900 ὲ
1319 2834 1410 2898 buon
1434 2827 1606 2918 principio,

391 2946 628 3034 spetialmente
644 2966 703 3031 per
720 2966 833 3012 essere
847 2946 881 3011 la
898 2954 987 3014 terra
1001 2947 1207 3028 abondante,
1225 2959 1260 3016 et
1281 2947 1351 3014 cosi
1367 2942 1607 3014 accordandoci

391 3063 444 3130 col
462 3081 622 3141 vescouo,
641 3061 798 3127 accordai
813 3061 848 3126 di
869 3063 1028 3129 mandare
1050 3083 1068 3147 3
1085 3063 1222 3132 maestri
1243 3074 1277 3132 et
1297 3063 1352 3130 doi
1368 3060 1557 3128 coadiutori
1578 3057 1608 3122 di

393 3177 519 3261 Praga,
537 3196 585 3240 un
602 3186 747 3242 maestro
764 3186 798 3244 et
813 3176 837 3243 il
854 3186 978 3244 rettore
992 3179 1030 3244 P.
1047 3179 1177 3247 Urtado
1189 3179 1233 3246 da
1245 3177 1388 3246 Vienna.
1404 3177 1445 3245 Li
1458 3172 1609 3264 pragensi

392 3290 566 3357 andarono
582 3311 648 3356 con
665 3293 765 3358 Mtr0.
784 3293 950 3374 Lorenzo,
969 3292 1083 3360 alcuni
1099 3293 1210 3380 giomi
1227 3293 1342 3360 auanti
1363 3295 1417 3359 ch’
1435 3291 1469 3359 io
1486 3286 1610 3380 partissi

395 3405 440 3470 da
457 3406 581 3490 Praga:
595 3405 619 3470 li
632 3405 709 3472 altri
721 3407 777 3472 doi
789 3428 875 3472 sono
888 3407 946 3493 gia
957 3408 1072 3475 andati
1083 3411 1136 3476 col
1152 3409 1338 3478 medesimo
1350 3411 1450 3476 Mtr0.
1467 3411 1611 3476 Lorenzo

396 3519 441 3586 da
456 3519 608 3600 Vienna,
627 3531 662 3589 et
678 3525 753 3588 sara
769 3523 855 3588 fatto
869 3521 893 3587 il
908 3523 1086 3609 principio.
1106 3527 1183 3592 Non
1200 3523 1229 3590 si
1246 3525 1265 3591 ὲ
1280 3524 1360 3590 dato
1373 3527 1521 3604 rhetore,
1535 3523 1610 3585 ben·

395 3635 458 3702 che
474 3634 503 3700 si
518 3634 733 3718 desiderassi,
743 3638 875 3720 parlim
888 3659 947 3724 per
958 3638 1141 3707 cominciar
1152 3639 1210 3726 piu
1223 3640 1323 3706 basso
1335 3638 1606 3708 ordinatamente,

391 3750 524 3836 partim
539 3753 665 3835 perche
679 3751 726 3817 mi
741 3773 867 3837 pareua
886 3755 950 3821 che
972 3775 1043 3821 non
1064 3754 1096 3820 ci
1115 3754 1244 3822 fossero
1266 3753 1386 3821 scolari
1406 3749 1561 3840 disposti,
1578 3757 1608 3813 et

396 3865 506 3930 anche
518 3863 553 3931 in
567 3885 662 3948 uero,
675 3867 799 3952 perche
811 3887 880 3934 non
891 3869 1086 3935 haueuamo
1096 3869 1276 3951 rhetorico,
1291 3870 1423 3937 benche
1434 3867 1605 3956 speriamo

397 3981 460 4046 che
487 3980 509 4045 l'
534 3980 728 4047 humanista
753 3985 851 4068 potral
877 4003 990 4050 essere
1017 3994 1087 4050 atto
1115 4005 1175 4072 per
1201 3986 1370 4052 rhetorico
1392 3985 1416 4050 l’
1440 4003 1529 4052 anno
1550 3979 1606 4043 che

398 4092 510 4162 uiene.
529 4095 565 4161 lo
581 4117 694 4182 spero,
712 4099 776 4164 che
791 4109 913 4181 questo
929 4103 1004 4165 sara
1020 4120 1068 4166 un
1083 4122 1169 4188 gran
1185 4099 1329 4188 collegio
1341 4109 1376 4169 et
1388 4095 1569 4166 vniuersita
1579 4088 1608 4154 di

398 4207 501 4293 studij
519 4211 698 4294 generale,
717 4222 751 4304 et
767 4215 830 4280 che
846 4213 875 4279 si
892 4217 989 4300 putta
1009 4215 1178 4302 applicare
1199 4238 1246 4284 un
1262 4237 1348 4296 gran
1364 4225 1551 4282 monastero
1571 4205 1607 4270 de

401 4322 602 4391 franciscani
618 4327 803 4410 claustrali,
822 4328 845 4394 il
862 4330 962 4414 quale
978 4340 1031 4397 sta
1046 4332 1198 4398 desolato
1214 4352 1279 4398 con
1301 4351 1348 4397 un
1368 4331 1440 4397 solo
1457 4331 1538 4396 irate
1552 4321 1606 4386 ita-

400 4436 504 4504 liano.
523 4438 549 4504 ll
564 4439 712 4526 Signore
727 4442 760 4508 lo
776 4443 922 4529 gouerni
938 4468 958 4511 a
975 4445 1131 4532 maggior
1147 4445 1256 4532 gloria
1275 4445 1309 4512 di
1332 4448 1369 4515 S.
1388 4448 1431 4513 D.
1452 4441 1527 4512 Ml*
1543 4437 1605 4504 C0¹¹

455 4596 464 4628 ¹
502 4597 709 4656 «Cremsirium
722 4603 849 4672 (Dotalis
862 4612 908 4660 est
920 4604 1129 4678 Episcoporurn
1139 4603 1380 4664 Olomucensium
1389 4604 1511 4674 Civitas,
1520 4605 1547 4654 et
1555 4601 1601 4650 sta·

401 4681 445 4740 tio
459 4683 636 4758 frequens.)»›
651 4689 804 4763 Scauros,
816 4693 876 4748 loc.
892 4692 962 4762 cit.,
975 4710 1009 4750 n.
1026 4707 1071 4764 24·
