3482 5386
662 489 784 560 4JUN11
805 501 873 559 1577
1293 503 1347 562 745

126 639 279 709 auiarei
293 663 355 729 per
369 643 528 726 Venetia,
543 653 578 710 et
592 641 674 709 dilld
691 641 830 711 tratarei
846 642 935 711 della
946 643 1072 712 andata
1087 667 1108 711 a
1124 646 1244 724 Roma,
1262 666 1332 712 con
1349 645 1382 712 la

129 756 267 842 gratia
281 758 335 826 del
352 757 491 845 Signor,
505 757 628 844 poichd
643 759 662 825 ὲ
678 758 713 826 in
729 757 870 844 camino.
889 760 932 825 Et
948 769 1072 843 questo
1092 758 1170 826 dico
1186 781 1249 846 per
1264 761 1384 845 quello*

130 874 209 940 che
227 883 249 915 ²
269 873 303 939 di
324 871 378 939 eid
398 872 601 960 significatio
620 872 645 938 11
666 875 707 940 P.
734 872 888 941 Oliuerio
908 884 943 940 et
965 876 1006 941 P.
1032 872 1210 956 Ximenez,
1235 874 1291 942 del
1314 878 1380 945 ohe

131 987 245 1053 nonl’
262 988 350 1055 vedo
369 987 568 1055 inclination
583 989 672 1057 nelle
692 988 797 1056 letere
816 987 851 1055 di
871 990 915 1055 V.
936 992 976 1056 P.
992 990 1049 1056 Ho
1064 1000 1208 1075 pregato
1224 990 1256 1056 la
1272 992 1311 1057 P.
1330 992 1374 1058 V.

131 1103 209 1170 che
233 1103 373 1189 procuri
389 1103 440 1171 sia
454 1104 488 1170 io
508 1103 703 1173 caduertite
720 1104 799 1170 dalli
811 1104 917 1172 nostri
929 1106 1066 1189 quando
1077 1103 1142 1170 stia
1154 1103 1299 1174 Venetia
1315 1127 1376 1191 per

131 1218 302 1302 andarci,
317 1229 353 1288 et
367 1218 402 1286 io
422 1221 468 1286 ho
483 1218 602 1286 scritto
618 1219 730 1305 questi
746 1219 858 1306 giomi
878 1220 911 1285 al
927 1220 1038 1288 Padre
1057 1218 1228 1306 preposito
1248 1219 1283 1285 di
1303 1222 1376 1290 Ve-

130 1332 241 1401 netia
262 1337 327 1402 che
347 1334 393 1400 mi
415 1334 514 1418 auisi,
533 1358 577 1403 en
593 1345 688 1402 tanto
703 1344 827 1422 spetto‚
850 1335 1001 1403 secondo
1028 1333 1074 1401 mi
1095 1333 1251 1421 significa
1273 1334 1318 1401 lei
1338 1335 1374 1402 in

131 1469 208 1515 vna
226 1450 320 1518 delle
339 1449 457 1519 vltime
472 1471 546 1517 sue.
565 1451 623 1516 Ho
638 1452 742 1518 hauto
758 1471 892 1537 sempre
906 1450 1059 1517 dificultt
1071 1451 1135 1518 che
1150 1470 1252 1536 possa
1266 1451 1374 1517 andar

128 1583 152 1628 a
169 1565 326 1647 cauallo,
344 1587 400 1632 ma
415 1567 607 1633 vederemo:
626 1565 721 1632 Iddio
738 1565 904 1652 agiutanl.
923 1567 1044 1651 Spetto
1060 1565 1084 1630 il
1101 1567 1141 1631 Ρ.
1161 1567 1290 1652 Lanoy,
1309 1568 1373 1632 che

131 1675 271 1745 dicono
286 1679 386 1750 viene
400 1701 462 1766 per
478 1680 631 1748 visitator
641 1679 657 1723 ⁶
667 1681 702 1746 di
713 1680 866 1748 Austria.
881 1681 1001 1767 Spetto
1013 1679 1115 1747 etiam
1128 1681 1152 1746 il
1165 1682 1276 1752 Padre
1291 1702 1374 1768 pro·
1398 1729 1400 1736 .

133 1793 287 1878 uincial,
304 1807 340 1863 et
359 1805 474 1882 presto
489 1795 538 1883 gli
554 1796 622 1878 doi,
640 1817 705 1863 con
722 1796 771 1884 gli
791 1796 885 1882 quali
901 1796 1095 1863 consultari)
1110 1796 1165 1864 del
1181 1795 1249 1862 mio
1265 1796 1372 1862 cami-

134 1929 197 1973 no,
213 1911 254 1975 Io
267 1932 337 1977 non
349 1920 403 1978 sto
415 1912 503 1980 bene
523 1921 550 1992 ⁰,
564 1911 675 1998 gratia
687 1913 719 1979 al
731 1911 869 1998 Signor;
885 1933 938 1978 ma
954 1931 1055 1997 spero
1070 1931 1167 1977 come
1183 1911 1212 1977 si
1227 1911 1344 1997 voglia
1362 1911 1374 1954 f

135 2024 245 2107 potrd
256 2024 404 2112 gionger
416 2049 436 2093 a
448 2026 600 2096 Venetia.
615 2029 693 2092 Fial
704 2033 837 2112 semper
852 2033 883 2093 et
899 2027 936 2091 in
948 2025 1105 2091 omnibus
1115 2027 1184 2091 Dei
1199 2027 1371 2092 voluntas.

135 2139 271 2208 Amen.
290 2139 362 2209 Mio
377 2161 569 2228 compagno
584 2143 723 2210 menard
739 2162 804 2208 con
819 2163 917 2210 meco
932 2152 966 2210 et
982 2144 1058 2208 serit
1069 2139 1105 2207 in
1116 2139 1173 2207 via
1188 2141 1292 2227 peria
1306 2163 1370 2228 pe-

135 2251 350 2338 nitentiaria,
365 2277 402 2324 se
414 2277 484 2322 non
496 2257 514 2324 ὲ
526 2256 560 2322 di
572 2257 736 2344 bissogno
748 2257 784 2322 in
796 2256 941 2325 Venetia
953 2279 1014 2343 per
1028 2257 1061 2325 le
1077 2255 1230 2342 imagini.
1251 2257 1294 2322 Et
1309 2258 1369 2343 gissa

133 2369 257 2437 scrissi
266 2371 335 2438 che'
346 2373 392 2438 mi
403 2394 484 2458 pare
495 2373 594 2459 potrd
607 2373 717 2440 seruit
729 2374 761 2440 al
770 2373 896 2459 Signor
909 2373 974 2439 alla
986 2370 1234 2458 penitentiaria.
1247 2372 1372 2438 Auen—

136 2481 163 2547 ti
177 2483 216 2549 di
229 2506 342 2552 serrat
354 2499 487 2572 questa,
501 2490 545 2555 he
557 2499 686 2556 venuto
701 2488 726 2554 il
738 2490 779 2555 Ρ.
794 2490 913 2572 Lanoy
924 2488 979 2554 col
992 2489 1032 2554 P.
1047 2489 1159 2553 Duras
1172 2498 1207 2554 et
1218 2486 1276 2553 doi
1291 2486 1369 2572 gio-

136 2600 235 2666 uani.
247 2602 334 2670 Stan
345 2604 435 2671 bene
448 2602 539 2669 tutti.
552 2606 620 2672 Per
630 2603 736 2690 partir
745 2615 804 2670 tan
814 2602 928 2670 subito
939 2604 973 2670 la
984 2604 1098 2682 barca,
1108 2623 1178 2668 non
1189 2604 1234 2668 ha
1243 2612 1367 2687 potuto

136 2715 284 2785 scriuer.
296 2718 436 2785 Venuto
448 2717 471 2783 il
485 2718 1012 2806 Padrepronineial,consultari>
1025 2716 1162 2798 conlui,
1176 2727 1211 2784 et
1223 2715 1367 2784 scriuiro

138 2829 229 2897 altra
242 2833 339 2898 volta
355 2834 420 2899 alla
437 2835 477 2900 P.
497 2834 540 2900 V.
559 2833 752 2928 Augmenti
767 2855 902 2920 sempre
917 2833 941 2900 il
953 2833 1082 2920 Signor
1092 2833 1183 2902 nella
1196 2834 1236 2899 Ρ.
1255 2834 1299 2899 V.
1318 2833 1368 2919 gli

137 2945 217 3011 suoi
233 2947 324 3014 santi
339 2944 444 3037 [doni]
463 2959 492 3014 Ε.
510 2949 581 3015 Alli
600 2948 710 3016 sancti
731 2948 889 3017 sacrificii
905 2960 940 3016 et
963 2948 1109 3016 orationi
1124 2970 1188 3015 sue
1203 2949 1246 3015 da
1263 2969 1369 3017 cuore

138 3057 185 3124 mi
206 3061 405 3130 ricomando
425 3077 461 3133 et
479 3063 559 3132 delli
580 3064 684 3133 Padri
703 3064 875 3133 assistenti
902 3076 937 3134 et
962 3065 1073 3132 Padre
1099 3063 1296 3131 secretario.
1320 3063 1366 3130 Di

138 3173 242 3258 Hala,
261 3190 391 3247 serrata
407 3179 463 3246 alli
479 3199 501 3264 4
516 3179 551 3246 di
567 3179 696 3248 Giunio
716 3197 811 3265 1577.
830 3183 874 3247 D.
895 3184 935 3248 P.
954 3181 999 3246 V.
1017 3201 1119 3247 seruo
1139 3179 1175 3245 in
1190 3181 1252 3247 X.⁰

948 3305 1136 3392 †Nnont..
1163 3304 1186 3391 †

203 3525 294 3592 Delli
309 3523 387 3592 libri
402 3548 501 3613 spero
517 3528 695 3612 negotiari)
711 3530 778 3596 ben
795 3528 851 3595 col
868 3528 978 3595 Padre
993 3525 1194 3614 prouincial,
1212 3535 1248 3594 et
1264 3548 1365 3613 spero

136 3638 233 3709 bene
251 3641 277 3706 ss
294 3641 404 3710 Padre
419 3642 618 3728 prouincial‚
632 3654 687 3710 sta
699 3645 844 3711 amalato
855 3643 892 3710 in
904 3645 1074 3730 Augusta.
1092 3646 1205 3710 Penso
1217 3641 1252 3708 di
1264 3654 1360 3729 spet-

138 3763 189 3820 tar
200 3755 254 3822 fin
269 3757 303 3823 al
319 3779 434 3825 mezzo
449 3779 470 3826 o
490 3759 538 3826 fin
553 3758 588 3825 di
607 3761 757 3846 Agosto,
776 3772 811 3826 et
826 3758 918 3846 dipoi
934 3758 969 3825 in
991 3758 1074 3845 ogni
1094 3758 1197 3824 modo
1218 3757 1309 3825 vscir
1325 3757 1360 3824 di

139 3869 336 3955 Germania,
357 3873 447 3942 doue
463 3895 565 3961 possa
591 3873 719 3962 meglio
747 3874 900 3944 auiarmi.
930 3876 974 3941 V.
1007 3877 1047 3941 P.
1078 3873 1123 3940 mi
1147 3873 1244 3962 guidi
1261 3895 1322 3960 per
1337 3870 1360 3939 l'

138 4005 232 4054 amor
247 3989 303 4055 del
317 3989 455 4077 Signor.
476 3993 549 4058 Ben
564 4012 666 4077 posso
687 3993 795 4058 hauer
810 3990 956 4077 risposta
978 3991 1024 4056 fin
1041 3991 1074 4057 al
1095 3990 1143 4055 fin
1158 3989 1194 4055 di
1209 3991 1359 4076 Agosto.

140 4101 244 4170 Pochi
260 4103 328 4171 (11Ῑι
348 4107 393 4172 ha
408 4115 562 4191 spectato
578 4116 698 4191 questa
709 4106 808 4173 litera
819 4128 879 4193 per
892 4105 1017 4192 meglio
1029 4104 1264 4172 ineaminarla.
1281 4103 1360 4173 Sia-

139 4236 191 4285 mo
207 4243 227 4288 a
248 4239 287 4288 10
303 4221 337 4287 di
350 4220 491 4288 Giunio.

185 4444 203 4477 ⁸
230 4447 247 4488 2
260 4435 351 4490 verba
364 4452 447 4508 seqq.
461 4452 549 4508 supra
561 4453 643 4491 vers.
658 4432 771 4491 addidit
783 4435 875 4490 N.-b
885 4435 950 4491 Hoc
964 4435 1047 4490 verb.
1059 4450 1146 4506 supra
1156 4449 1235 4488 vers.
1247 4431 1360 4486 addidit

137 4517 223 4576 N.-e
235 4524 299 4580 Hoc
317 4525 400 4580 verb.
415 4522 547 4602 additum
561 4523 591 4579 in
605 4541 697 4595 marg.
711 4541 728 4580 a
747 4523 866 4580 N.-⁶2
880 4524 970 4579 verba
984 4541 1067 4596 seqq.
1083 4539 1172 4594 supra
1190 4539 1269 4577 vers.
1280 4520 1360 4576 addi-

137 4607 179 4665 dit
199 4611 290 4668 11-ο
307 4611 391 4684 Aut„
409 4612 501 4668 be.—f
517 4613 600 4685 Aut„
623 4613 790 4687 voglio-t
804 4611 917 4671 Omiss.
942 4611 1070 4667 att-h
1084 4611 1150 4666 Hoc
1168 4611 1252 4666 verb.
1271 4627 1363 4682 supra

141 4714 213 4760 vers.
226 4701 339 4760 addidit
352 4701 390 4760 N.
