3384 5382
389 449 446 521 578.
490 477 492 483 2
775 447 879 502 Emsr.
900 445 934 500 P.
954 417 1158 514 Nem-516

350 603 492 672 charico
509 613 543 669 et
564 603 600 667 in
620 600 749 667 diuersi
770 599 906 686 luoghi,
930 609 964 665 et
985 597 1145 666 massime
1166 620 1229 686 per
1249 617 1319 664 non
1337 599 1468 666 hauere
1493 609 1587 666 tanta

351 717 496 807 prattica
512 719 578 783 che
594 715 623 782 si
639 715 796 784 desidera
812 716 851 779 in
867 713 1065 800 agibilibus.
1085 714 1160 780 Hor
1172 714 1216 780 da
1233 711 1290 780 un'
1307 735 1397 780 anno
1411 713 1449 782 in
1465 734 1538 798 qua
1553 724 1586 780 et

350 830 588 919 dauantaggio
607 853 645 898 so
662 831 718 896 dal
737 833 777 898 P.
799 829 954 896 Emondo
978 829 1001 910 ¹,
1026 827 1244 916 prouincial',
1262 828 1396 910 istess0,
1414 831 1482 897 eh'e
1507 850 1584 914 pre-

336 950 456 1022 tende
472 957 605 1014 mutare
622 947 708 1014 Mr0.
725 945 871 1013 Claudio
883 943 918 1009 di
931 945 1064 1012 Lorena
1076 945 1102 1027 '‚
1121 946 1205 1012 hora
1217 955 1344 1013 rettore
1355 945 1390 1011 di
1406 947 1581 1024 Tornone,

352 1075 387 1133 et
402 1063 480 1130 dice
495 1043 647 1128 haueme
663 1060 793 1129 licenza
808 1061 865 1126 dal
880 1061 925 1126 N.
945 1061 1001 1141 Ρ.,
1020 1071 1054 1128 et
1071 1081 1114 1127 ne
1129 1059 1241 1128 scriue
1265 1081 1361 1128 come
1385 1083 1495 1146 penso
1520 1061 1581 1126 alla
1609 1069 1619 1086 '

354 1181 398 1248 V.
416 1181 457 1245 R.
473 1176 549 1244 anzi
566 1199 621 1244 me
637 1177 660 1242 l’
679 1178 723 1243 ha
738 1177 845 1244 detto.
865 1177 900 1242 Io
917 1195 1026 1262 prego
1038 1175 1151 1260 quella
1165 1175 1250 1242 sacci
1264 1187 1359 1246 tanto
1371 1177 1407 1242 di
1418 1178 1510 1244 bene
1521 1178 1582 1241 che

267 1380 269 1388 Α
351 1295 431 1362 dell'
449 1293 650 1360 abondanza
665 1291 745 1380 dell'
764 1292 850 1359 altra
869 1289 1051 1379 prouincia
1076 1313 1120 1358 ne
1144 1290 1329 1360 riceuiamo
1353 1302 1478 1377 questo
1501 1313 1583 1376 sug-

351 1404 450 1496 get'to
462 1429 523 1494 per
535 1419 656 1492 questo
674 1407 833 1493 collegi0,
851 1408 978 1493 perche
995 1407 1080 1474 oltre
1093 1409 1158 1473 che
1170 1407 1376 1500 gouemare,
1390 1409 1468 1474 sarssa
1479 1409 1583 1474 anche

354 1524 477 1591 idoneo
493 1535 554 1608 per
570 1521 762 1610 comperire
778 1522 834 1589 nel
850 1523 1005 1608 perg010‚
1024 1532 1059 1590 et
1075 1543 1135 1608 per
1151 1537 1358 1592 conue'rsate
1374 1546 1439 1591 con
1457 1525 1490 1592 le
1510 1545 1585 1610 per-

354 1659 450 1724 sone,
483 1637 519 1703 di
551 1639 615 1704 che
648 1636 829 1703 habbiamo
860 1633 920 1721 qui
951 1635 1186 1723 grandissimo
1217 1638 1376 1725 bisogno,
1411 1641 1535 1732 perche
1563 1636 1584 1702 il

354 1757 399 1822 D.
418 1754 587 1836 Emond0,
606 1773 675 1818 non
692 1752 852 1818 hauendo
869 1753 901 1817 la
917 1752 1038 1839 lmgua
1057 1761 1085 1832 ⁸,
1110 1774 1179 1820 non
1199 1757 1269 1839 pub
1289 1753 1489 1840 pratticare:
1512 1752 1582 1820 altri

355 1891 440 1938 sono
464 1867 603 1956 giouani
624 1878 659 1934 et
679 1867 843 1948 studenti,
867 1888 888 1933 0
910 1867 1025 1934 niente
1049 1855 1174 1960 idpnei,
1200 1878 1235 1935 et
1254 1870 1311 1936 nel
1326 1869 1502 1954 predicare
1517 1890 1580 1935 non

356 1984 539 2053 habbiamo
555 2004 701 2070 persona
716 1992 787 2048 atta
801 2003 863 2069 per
881 1993 997 2051 tenere
1013 1984 1157 2068 qualche
1177 1984 1318 2070 pergolo
1341 1983 1376 2050 di
1399 1996 1576 2066 momente,

355 2102 453 2168 saluo
470 2103 557 2168 Mr0.
579 2097 695 2166 Pietro
711 2097 898 2180 Christino,
917 2097 942 2163 il
958 2098 1059 2183 quale
1074 2119 1159 2184 pure
1170 2081 1264 2184 parla
1275 2099 1291 2142 θ
1303 2101 1409 2168 molto
1420 2101 1509 2170 male
1520 2101 1578 2167 ete

357 2217 464 2282 molto
480 2216 628 2280 mancho
645 2211 844 2281 essercitato
859 2211 894 2281 di
911 2215 998 2280 Mro.
1024 2211 1170 2280 Claudio
1189 2215 1295 2282 detto.
1321 2217 1379 2284 Ma
1402 2236 1473 2283 non
1494 2215 1578 2280 biso-

356 2330 478 2418 gnaria
494 2352 616 2398 sonare
633 2329 739 2396 molto
762 2329 794 2394 al
815 2328 1018 2416 prouincial,
1042 2351 1104 2416 per
1124 2329 1183 2417 piei
1205 2329 1348 2416 rispetti,
1374 2331 1418 2398 ne
1443 2332 1579 2397 mancho

356 2449 447 2515 forse
464 2469 508 2515 ne
525 2445 678 2512 scriuerb
695 2445 727 2511 al
743 2446 787 2511 N.
808 2446 864 2526 Ρ.,
884 2443 979 2512 accii)
996 2445 1029 2511 io
1045 2467 1180 2532 sempre
1201 2467 1303 2533 possa
1317 2445 1513 2514 escusarmi.
1531 2448 1578 2512 Ma

357 2561 454 2629 vorei
470 2564 535 2627 che
552 2563 596 2628 V.
616 2562 657 2627 R.
677 2558 705 2626 si
722 2560 905 2645 degnasse,
921 2582 985 2646 per
1000 2560 1024 2626 il
1040 2560 1108 2628 ben
1125 2561 1160 2627 di
1175 2574 1298 2648 questo
1312 2563 1471 2650 collegio,
1484 2561 1577 2629 sendo

356 2698 477 2763 agran
490 2675 667 2762 seruiggio
683 2675 719 2741 di
734 2675 802 2743 Dio
819 2679 864 2744 N.
883 2677 921 2745 S.
942 2686 977 2744 et
995 2677 1083 2743 della
1100 2677 1324 2764 Compagnia‚
1342 2678 1514 2746 scriuerne
1528 2674 1573 2756 lei,

355 2803 391 2860 et
403 2793 467 2858 che
484 2813 543 2876 per
556 2811 673 2857 mezzo
689 2813 752 2858 suo
769 2793 813 2858 N.
835 2795 891 2875 Ρ.,
910 2813 1007 2860 come
1023 2794 1067 2859 da
1084 2813 1135 2881 se,
1148 2791 1271 2880 poiche
1282 2794 1326 2861 da
1338 2794 1421 2864 duoi
1433 2807 1468 2863 et
1479 2794 1573 2860 anche

355 2925 376 2989 4
393 2905 473 2973 anni
490 2905 512 2970 li
529 2906 719 2972 dimandoc
740 2906 823 2974 duoi
839 2907 970 2989 rettori‚
989 2918 1024 2974 et
1040 2888 1190 2977 conoece
1206 2909 1238 2976 la
1254 2911 1385 2998 grande
1397 2922 1511 2988 nostra
1521 2929 1573 2974 ne-

355 3020 491 3102 cessitzi,
507 3020 538 3087 ci
551 3021 665 3088 mandi
678 3021 700 3087 il
713 3022 808 3088 detto
823 3023 892 3090 dP.
909 3023 1067 3091 Claudio.
1086 3025 1228 3110 Quanto
1239 3025 1295 3092 all'
1309 3025 1502 3105 attitudine‚
1515 3041 1573 3090 non

355 3136 478 3204 dubito
497 3147 531 3206 et
548 3158 587 3202 so
603 3138 717 3204 donde
729 3136 829 3206 viene
841 3138 865 3203 il
876 3139 978 3221 male,
992 3161 1013 3208 a
1025 3142 1089 3208 che
1105 3150 1285 3234 puotremo
1300 3143 1489 3230 prouedere
1503 3159 1574 3226 age-

357 3252 545 3321 uolmente.
566 3255 634 3318 Per
651 3253 673 3318 l'
692 3274 808 3322 amore
822 3253 857 3319 di
872 3251 938 3320 X.⁰
955 3254 984 3322 si
1001 3254 1085 3322 aiuti
1101 3255 1267 3341 in.quello
1284 3257 1328 3325 V.
1347 3259 1389 3324 R.
1408 3280 1470 3344 per
1487 3263 1573 3324 conto

357 3365 393 3432 di
409 3366 531 3434 rettori
546 3377 580 3434 et
601 3367 806 3453 predicatori
831 3377 873 3438 et.
886 3369 1086 3438 confessori.
1110 3373 1197 3439 Mr⁰.
1221 3371 1338 3440 Guido
1360 3373 1372 3406 ⁸
1394 3372 1511 3442 istesso
1526 3387 1574 3455 per

355 3504 424 3549 vno
437 3485 492 3548 ch'
512 3482 707 3564 habbiam0‚
725 3505 782 3550 me
797 3505 841 3551 ne
857 3493 960 3552 conta
980 3503 1012 3568 4.

421 3599 452 3667 Α
476 3607 584 3685 terge,
601 3599 672 3664 alia
696 3621 827 3666 manu:
849 3602 916 3667 Per
936 3601 981 3668 N.
1008 3603 1049 3668 P.
1075 3603 1178 3668 Alia:
1196 3605 1237 3670 P.
1262 3604 1366 3670 Alia:
1388 3605 1431 3672 C.
1457 3595 1568 3686 Parigi.

357 3715 398 3779 P.
415 3713 570 3782 Oliuerio
583 3712 806 3798 prouinciale.

410 3891 426 3926 ι
454 3881 650 3937 Emendatum
664 3881 720 3938 alia
735 3899 822 3938 manu
835 3899 871 3937 ex
883 3882 1046 3956 langa.-b
1056 3883 1252 3942 Emendatum
1265 3885 1322 3942 alie
1335 3904 1423 3942 manu
1436 3904 1473 3943 ex
1481 3883 1567 3959 palla·

355 3980 405 4015 -e
424 3970 620 4027 Emendatum
634 3971 690 4027 alia
703 3988 791 4027 manu
804 3989 842 4027 ex
852 3973 1068 4042 domanda-d
1079 3973 1273 4030 Emendetum
1284 3975 1340 4031 alia
1352 3992 1440 4032 manu
1449 3993 1485 4034 ex
1494 3975 1570 4031 dotto.

416 4121 423 4154 ¹
464 4123 624 4194 Augeriu8‚
639 4121 807 4196 provinciae
822 4123 1000 4197 Aquitaniae
1012 4125 1213 4199 praepositus.

414 4215 426 4248 ²
464 4210 606 4268 Claudius
620 4213 797 4268 Matthaeus.
811 4212 882 4284 Ejus
895 4230 1021 4271 examen
1033 4223 1080 4271 est
1093 4215 1124 4272 in
1137 4216 1237 4289 Epist.
1256 4215 1380 4290 Natat„
1393 4217 1432 4288 11,
1446 4217 1505 4288 546.

412 4303 424 4335 ³
462 4299 562 4358 Guido
576 4300 723 4358 Roiletus.
