3482 5386
665 494 831 550 Arreunrx
1270 501 1322 566 705

145 653 201 718 che
227 669 351 716 ancora
377 647 545 717 trouiamo
574 668 621 714 un
648 645 859 732 predicatore
887 648 1027 714 tedesco
1052 669 1113 734 per
1139 649 1293 736 lspruch,
1323 660 1359 718 et

150 748 258 825 questo
271 739 377 804 molto
393 738 443 804 ho
457 737 720 804 raccomandato
737 737 769 802 al
786 739 826 804 P.
845 737 996 804 Natale..
1011 787 1018 802 .
1034 787 1063 802 ..

705 905 787 972 XIV

474 1037 507 1093 P.
527 1035 811 1097 THEODORICUS
830 1036 1014 1094 CANISIUS

403 1174 565 1222 SANCTO
600 1173 839 1222 FRANCISCO
870 1174 922 1222 DE
956 1174 1090 1238 BORJA

501 1287 674 1374 Dilingae,
699 1303 739 1371 25
753 1286 836 1375 Julii
857 1288 941 1371 1566
961 1290 982 1354 ¹.

138 1420 312 1477 Mutationes
323 1407 432 1478 uariae
443 1419 477 1475 in
487 1419 650 1492 provincia
658 1425 687 1476 et
699 1421 732 1474 in
742 1420 869 1494 collegio
881 1421 1044 1494 dilingam
1057 1440 1077 1476 a
1091 1420 1199 1476 Natali
1211 1425 1355 1478 statutae.

199 1538 299 1623 Quod
315 1536 446 1604 tardius
462 1537 507 1604 ad
523 1538 562 1604 P.
582 1539 622 1604 T.
642 1536 789 1604 scribam
809 1537 924 1606 effecit
943 1539 981 1604 P.
1001 1537 1133 1606 Natalis
1149 1538 1352 1624 praeseutia,

134 1625 192 1709 qui
206 1648 280 1692 cum
297 1626 483 1711 plaeraque
499 1628 564 1693 hoc
580 1625 617 1690 in
627 1627 705 1694 loco
720 1636 913 1694 mutaturus
925 1626 1110 1707 videretur,
1125 1649 1195 1693 non
1206 1627 1300 1710 prius
1312 1629 1356 1694 ad

138 1717 175 1780 P.
190 1718 227 1782 T.
254 1715 472 1782 scribendum
497 1714 616 1801 putaui
633 1736 735 1799 quam
757 1737 813 1782 res
828 1737 947 1784 omnes
969 1716 1173 1782 constitutas
1189 1717 1352 1784 viderem.

136 1803 294 1870 Discessit
310 1814 425 1871 autem
449 1803 641 1888 praedictus
658 1807 761 1873 Pater
780 1803 862 1870 hinc
880 1803 916 1869 iu
932 1803 1106 1871 Austriam
1125 1823 1166 1870 22
1178 1802 1272 1891 Julii,
1290 1803 1354 1870 ab·

133 1892 244 1960 ductis
259 1913 379 1959 secum
395 1892 475 1958 hinc
491 1903 638 1976 quatuor
657 1916 699 1960 ex
715 1893 889 1972 iratribuS,
908 1892 1067 1960 nimirum
1084 1895 1127 1960 D.
1146 1895 1247 1959 Petro
1263 1895 1356 1959 hun-

134 2001 226 2066 gare,
246 1985 285 2048 Ρ.
305 1981 457 2050 Henrico
478 1981 569 2066 Payz
587 1991 616 2063 ²,
634 1981 796 2061 lusitano,
814 1981 1036 2067 Sigismundo
1050 1983 1198 2049 bohemo
1213 1982 1224 2014 ¹
1247 1991 1282 2048 et
1292 1985 1354 2070 Ja-

132 2069 217 2136 cebo
243 2071 394 2149 Scelere,
425 2069 622 2136 coadiutore
642 2070 834 2156 temporali.
862 2071 1095 2156 Ablegauerat
1116 2082 1230 2138 autem
1251 2072 1355 2154 paulo

133 2169 210 2227 ante
224 2159 305 2224 hinc
332 2157 367 2223 in
384 2161 411 2224 F
413 2157 563 2224 ranciam
581 2161 624 2226 D.
644 2161 809 2225 Thomam
833 2159 973 2243 anglum
990 2161 1016 2237 ³,
1039 2161 1078 2224 P.
1093 2160 1262 2246 Jacobum
1281 2161 1354 2227 Va-

132 2247 315 2314 lentianum
331 2257 366 2314 et
383 2248 585 2314 Vualterum
605 2261 750 2328 scotum,
777 2246 918 2316 rectoris
938 2247 1132 2333 parisiensis
1149 2269 1353 2333 germanum

131 2335 276 2405 fratrem.
297 2335 501 2421 Magistrum
518 2357 599 2402 vero
617 2337 801 2402 Robertum
814 2335 1020 2404 leodiensem
1035 2336 1270 2418 Oenipontum
1287 2335 1352 2402 mi-

129 2423 185 2504 sit,
202 2435 238 2490 vt
254 2427 301 2492 M.
320 2423 465 2509 Gaspari
483 2423 639 2492 Texton's
656 2425 724 2510 (qui
740 2425 829 2491 votis
845 2423 902 2490 hic
914 2426 1047 2490 solutus
1063 2436 1098 2494 et
1112 2425 1272 2492 dimissus
1287 2427 1351 2512 est)

128 2511 161 2578 in
181 2514 345 2580 rhetorica
360 2514 469 2580 classe
481 2512 573 2579 illhic
599 2514 772 2598 suppleret
787 2514 912 2579 locum.
932 2513 1133 2594 Magistrum
1150 2514 1322 2582 Simonem
1339 2515 1352 2548 ⁴

126 2600 186 2666 hie
199 2602 347 2688 reliquit,
367 2610 405 2666 ut
433 2603 524 2685 quod
540 2623 583 2667 ex
599 2623 702 2668 cursu
724 2605 764 2668 P.
794 2602 939 2669 Gerardi
956 2601 1094 2670 Pustelii
1110 2611 1277 2686 superest,
1301 2603 1350 2670 le·

128 2692 241 2776 gendo
256 2692 423 2758 absoluat.
442 2693 529 2757 Nam
548 2694 588 2757 P.
605 2692 792 2771 Gerardus,
811 2702 947 2777 propter
962 2690 1148 2757 discessum
1172 2693 1211 2756 P.
1231 2691 1351 2778 Jacobi

128 2779 332 2859 valentiani,
361 2778 436 2847 eius
465 2779 576 2847 Patris
602 2801 738 2846 cursum
766 2779 931 2864 superiori
956 2790 1120 2846 autumno
1134 2780 1350 2860 inchoatum,

128 2868 284 2951 prosequi
300 2878 455 2952 cogetur,
470 2869 561 2952 quod
575 2871 610 2938 M
615 2867 757 2937 ..Simon
769 2891 838 2934 non
853 2869 1026 2936 videretur
1042 2869 1240 2936 commodus
1252 2891 1352 2954 prae-

128 2955 209 3022 dicti
226 2956 336 3023 Patris
344 2955 464 3044 Jacobi
476 2959 612 3023 iuturus
625 2978 811 3024 successor.
828 2958 962 3024 Patrem
976 2960 1116 3024 Petrum
1129 2956 1305 3024 Canisium
1317 2969 1353 3025 et

127 3046 262 3111 nomine
278 3057 312 3114 et
328 3045 440 3112 officio
456 3045 699 3131 prouincialem
716 3046 915 3125 declarauit,
932 3045 1067 3112 sublato
1080 3045 1353 3131 viceprouincia-

125 3131 165 3199 lis
179 3133 328 3202 nomine.
349 3136 591 3219 Augustanam
609 3135 803 3202 cathedram
818 3137 858 3201 P.
874 3135 1029 3202 Henneti
1042 3137 1244 3218 Halpawero
1256 3157 1352 3201 corn—

125 3222 224 3290 misit.
244 3222 526 3290 Concionatorem
544 3245 605 3309 pro
621 3223 869 3309 oenipontanis,
888 3223 945 3306 qui
964 3227 1003 3289 P.
1020 3223 1174 3291 Hermeti
1186 3224 1351 3290 succede-

124 3321 185 3390 ret,
204 3312 240 3377 in
255 3314 320 3378 hac
337 3311 512 3399 prouincia
528 3335 596 3379 non
613 3312 749 3398 reperit.
769 3315 836 3379 Res
857 3311 993 3398 collegii
1008 3311 1111 3377 huius
1131 3310 1261 3379 meliori
1282 3333 1351 3394 quo

124 3400 234 3484 potuit
250 3401 352 3466 modo
364 3400 567 3486 composuit,
582 3411 615 3468 et
628 3413 665 3467 ut
677 3401 941 3470 instrumentum
954 3400 1212 3484 qualiscumque
1225 3400 1351 3466 lunda-

125 3486 223 3556 tionis
239 3511 260 3556 a
275 3491 374 3556 Rmo.
393 3490 564 3559 cardinale
583 3491 823 3569 conficeretur,
841 3510 974 3556 summo
995 3489 1110 3556 labore
1132 3489 1257 3556 effecit.
1281 3489 1351 3556 Vix

122 3580 291 3657 crederes
308 3580 423 3658 Pater,
437 3592 600 3663 quantam
616 3579 652 3644 in
668 3579 839 3665 plerisque
854 3579 957 3648 rebus
979 3577 1187 3646 senserimus
1201 3577 1238 3644 in
1255 3587 1351 3646 tanto

128 3688 324 3702 —u——-—-

176 3740 193 3773 ⁸
239 3728 301 3800 Sic,
314 3744 366 3802 pro
379 3729 469 3782 Paea.

128 3825 323 3837 ψ*

177 3864 185 3895 ¹
224 3865 268 3918 Ex
291 3863 482 3936 autographo,
506 3861 536 3916 in
561 3861 633 3916 Cod.
656 3875 696 3930 29
717 3861 756 3932 s),
780 3879 810 3917 n.
833 3874 887 3918 220
908 3858 1000 3929 (132).
1024 3859 1100 3916 Vide
1114 3877 1182 3932 pag.
1208 3873 1276 3930 192,
1299 3876 1349 3934 ep-

126 3951 210 4020 pend.
224 3965 290 4022 xm,
304 3959 365 4006 ete.

175 4045 186 4076 ²
224 4040 431 4110 sigismundus
444 4039 643 4111 Dominatius,
656 4039 693 4094 de
706 4056 764 4111 quo
777 4038 846 4096 vide
859 4056 927 4112 pag.
941 4052 1004 4109 229,
1018 4046 1051 4096 et
1066 4037 1193 4110 append.
1207 4051 1273 4095 xm.

174 4129 185 4166 ⁵
222 4129 428 4184 Darbishirus.

172 4220 184 4252 ⁸
220 4217 331 4282 Simon,
346 4217 516 4288 leodiensis,
528 4216 613 4288 cujus
625 4233 789 4287 cognomen
802 4215 1000 4272 diversimode
1017 4216 1159 4285 scriptum
1169 4215 1345 4286 reperimus.

122 4302 193 4363 Vide
205 4323 273 4379 pag.
291 4319 351 4376 1743
365 4319 429 4376 4713
443 4315 503 4362 etc.
520 4305 719 4362 Theodericus
728 4305 865 4361 Canisius
875 4305 1011 4376 Bergine,
1024 4318 1056 4373 19
1067 4303 1250 4374 Septembris
1264 4302 1345 4374 1566,

120 4391 189 4450 haec
199 4395 358 4451 scribebat:
374 4395 487 4450 «Adest
499 4393 618 4466 quidem
631 4393 678 4449 hic
696 4394 738 4450 M.
760 4393 862 4448 Simon
880 4393 1048 4464 Demerius,
1061 4392 1233 4462 leodiensis,
1247 4407 1344 4462 nuper

121 4481 155 4536 ad
165 4501 218 4540 nos
231 4477 339 4540 isthinc
352 4483 488 4539 missus.»
501 4485 546 4538 Ex
559 4491 677 4553 autogr.
694 4482 725 4538 in
739 4481 811 4538 Cod.
826 4497 864 4552 ²9
872 4482 918 4554 f),
932 4481 956 4537 l.
974 4492 1056 4537 222.a
1065 4479 1126 4538 Ubi
1138 4480 1343 4536 Theodericus

122 4585 175 4628 nou
188 4575 362 4630 Datnesium
375 4571 428 4629 sed
442 4572 620 4628 Demetrium
633 4572 750 4628 scribit.
766 4573 808 4628 Ite
821 4588 858 4627 ex
872 4572 906 4627 P.
921 4572 1141 4642 Brauusberger
1154 4586 1249 4642 nuper
1262 4585 1350 4627 ecee·

124 4657 215 4726 pimus
227 4665 271 4730 (21
289 4661 399 4733 Aprilis
414 4661 506 4731 1902).
