3318 5376
423 457 477 528 334
808 455 914 510 Ensr.
935 453 968 507 P.
991 452 1199 524 Nande-456

386 610 549 679 scrittura
564 607 599 674 di
614 629 677 675 sua
693 628 808 687 mano,
822 616 858 674 et
871 606 978 673 rnolto
992 605 1107 673 auanti
1119 609 1184 676 che
1199 607 1223 674 li
1239 607 1459 677 arciuescoui
1475 606 1614 688 elettori,

386 723 536 814 procuro
556 735 591 792 et
611 724 708 790 uolse
730 722 867 789 fundar'
884 721 907 786 il
927 720 1088 808 collegio,
1106 733 1141 790 et
1164 743 1298 810 sempre
1314 725 1351 791 fu
1375 722 1567 810 impedito;
1586 735 1615 789 et

385 848 503 908 tomen
523 839 756 908 chiaramonte
778 836 855 905 dice
875 839 940 904 che
960 858 999 904 se
1020 858 1064 903 ne
1080 847 1184 923 pente
1205 850 1459 908 summamente
1483 839 1528 907 de
1551 861 1613 906 non

387 956 532 1023 bauerlo
548 957 632 1021 tatto
648 953 767 1042 prima:
782 955 802 1021 ὲ
818 954 933 1019 buono
947 961 985 1034 ⁸,
1005 951 1103 1020 tacile
1117 961 1153 1020 et
1168 963 1322 1040 potente,
1340 955 1479 1024 benene
1495 956 1526 1022 ai
1542 975 1613 1040 pre·

386 1082 485 1142 sente
496 1073 541 1141 ha
556 1070 736 1149 difflata,
754 1090 852 1136 corne
867 1067 1008 1135 diremo.
1028 1068 1135 1136 Tiene
1156 1090 1289 1137 summa
1303 1069 1474 1138 difficolta
1495 1069 1530 1138 in
1552 1092 1612 1157 gu-

387 1190 532 1257 bernare
544 1186 568 1251 il
580 1207 642 1252 suo
651 1195 837 1254 vescouato
850 1194 885 1252 et
896 1185 1021 1251 ducato
1033 1205 1136 1253 senza
1147 1185 1412 1274 laCompagnia.
1427 1189 1488 1254 Ha
1499 1197 1612 1271 questo

386 1305 483 1370 buon
499 1301 651 1390 principe
667 1322 801 1367 morum
814 1306 846 1366 ot
857 1301 1005 1366 mixtum
1018 1302 1203 1387 imperium
1219 1301 1254 1368 in
1270 1311 1361 1369 tutto
1377 1301 1401 1368 il
1417 1325 1487 1370 suo
1502 1324 1614 1370 vesco-

391 1428 472 1487 uato
487 1428 522 1486 et
536 1417 661 1484 ducato
677 1415 711 1481 di
728 1415 873 1482 Francia
889 1414 1071 1498 orientale,
1090 1415 1114 1483 il
1134 1418 1237 1503 quale
1258 1421 1303 1485 ha
1324 1428 1439 1486 trenta
1456 1439 1528 1486 una
1542 1416 1612 1493 cita,

387 1544 426 1602 et
442 1532 522 1620 pagi
537 1554 606 1599 una
619 1553 706 1618 gran
722 1529 953 1599 multitudine.
970 1532 1024 1598 Ne
1036 1530 1071 1597 in
1083 1532 1116 1598 la
1128 1531 1195 1600 cita
1207 1532 1405 1620 principale,
1421 1536 1492 1600 che
1503 1533 1523 1600 e
1535 1534 1614 1599 Her-

391 1648 507 1734 bipoli‚
525 1648 569 1714 ne
584 1650 693 1727 fuora,
712 1655 889 1733 comporta
908 1645 1121 1732 predicatore
1137 1648 1261 1716 nisuno
1284 1649 1469 1716 lutherano
1485 1671 1508 1715 o
1524 1650 1614 1716 here·

389 1763 469 1830 tico.
494 1765 588 1832 Sono
608 1762 643 1828 in
666 1761 846 1848 Herbipoli
870 1783 997 1829 ancora
1024 1772 1146 1849 quatro
1172 1763 1336 1832 conuenti
1362 1764 1446 1830 delli
1472 1783 1495 1847 4
1515 1763 1613 1830 ordini

391 1877 610 1960 mendicanti,
629 1878 698 1946 due
714 1877 851 1944 abbatie
867 1879 910 1944 de
931 1877 1089 1944 monachi
1105 1887 1140 1946 et
1154 1901 1202 1944 vn
1217 1878 1425 1948 monasterio
1441 1881 1488 1948 de
1504 1901 1611 1946 mona-

389 1995 456 2060 che
474 1996 496 2060 ¹.
515 1993 542 2060 Il
557 1993 716 2080 capitolo,
738 1994 871 2059 benehe
892 1993 912 2058 ὲ
932 2003 1088 2079 potente,
1106 1994 1135 2060 si
1152 1993 1242 2061 tiene
1258 2004 1351 2061 certa
1372 2015 1540 2082 speranza
1554 1995 1609 2060 che

305 2143 309 2160 ι’
386 2108 586 2176 consentiri
598 2108 633 2175 in
650 2107 731 2174 tutti
742 2107 854 2192 questi
867 2107 1010 2194 negotii,
1024 2107 1053 2174 si
1065 2130 1162 2176 come
1173 2109 1205 2176 ci
1217 2111 1262 2177 ha
1274 2109 1471 2197 significato
1484 2110 1508 2176 il
1519 2111 1608 2176 seho

390 2223 522 2305 lastico,
540 2227 603 2291 che
624 2225 643 2290 ὁ
660 2245 728 2290 una
748 2223 837 2290 delle
856 2221 1034 2309 principali
1054 2223 1197 2311 dignita
1216 2225 1243 2291 11
1265 2225 1389 2312 popolo
1408 2225 1608 2293 intendianro

387 2342 456 2408 che
475 2339 628 2408 desidera
649 2340 754 2405 molto
774 2339 808 2404 la
828 2339 1058 2426 Compagnia‚
1083 2349 1117 2408 et
1140 2349 1193 2407 sta
1216 2341 1418 2426 aspettando
1434 2362 1502 2408 con
1517 2340 1609 2406 molta

390 2455 530 2523 auidita.
550 2457 593 2522 Et
608 2455 661 2520 δὲ
678 2476 746 2520 una
767 2475 864 2535 cosa,
882 2456 947 2521 che
962 2453 986 2520 il
1001 2475 1150 2524 vescouo
1166 2465 1201 2522 et
1222 2453 1304 2522 tutti
1320 2457 1366 2541 gl'
1384 2455 1463 2522 altri
1483 2456 1608 2522 confer-

391 2591 505 2651 mano,
523 2571 587 2636 che
602 2568 635 2636 la
650 2568 791 2635 materia
806 2569 826 2634 ὁ
842 2569 999 2655 grandeb
1013 2569 1049 2635 di
1064 2571 1126 2636 far’
1140 2572 1245 2637 molto
1259 2570 1364 2637 srutto
1381 2592 1448 2637 con
1461 2573 1494 2637 la
1506 2567 1608 2636 diuina

387 2684 514 2772 ¹gratia3
533 2694 568 2753 et
583 2705 652 2750 non
667 2685 740 2751 solo
757 2685 846 2752 nelle
862 2685 947 2751 altre
961 2705 1054 2768 cose,
1073 2707 1128 2752 ma
1143 2685 1246 2753 etiam
1261 2709 1281 2754 a
1297 2687 1432 2773 pigliar'
1447 2685 1542 2754 molti
1555 2706 1607 2769 per

389 2800 423 2866 la
439 2798 652 2886 Cornpagnia
667 2809 702 2867 et
718 2798 824 2865 buoni
840 2799 993 2886 sugetti;
1016 2810 1051 2868 et
1071 2802 1091 2867 e
1112 2802 1134 2866 l'
1152 2800 1286 2868 intento
1307 2802 1362 2867 del
1384 2822 1533 2869 vescouo
1553 2820 1606 2884 per

386 2915 550 3002 generale
566 2913 672 2984 editto
688 2917 841 2982 reuocar'
859 2914 939 2981 tutti
954 2915 978 2981 li
995 2915 1146 2983 franconi
1162 2919 1227 2984 che
1242 2938 1326 2983 sono
1342 2916 1377 2983 in
1391 2927 1482 2986 tutte
1496 2917 1527 2984 le
1538 2912 1604 2980 vni-

353 3065 357 3074 ·
391 3029 530 3111 uersita,
548 3028 650 3099 etiam
662 3029 823 3099 heretice.
839 3032 864 3096 Il
876 3030 1010 3099 edificio
1022 3033 1089 3117 pe'l
1105 3031 1261 3120 collegio,
1275 3033 1409 3100 benche
1421 3055 1492 3100 non
1507 3027 1604 3097 etini-

392 3156 440 3227 to,
455 3145 484 3212 si
496 3146 583 3214 uede
598 3147 662 3212 che
678 3148 754 3212 sard
769 3146 927 3226 eomodo,
942 3155 977 3212 et
993 3148 1058 3214 che
1069 3146 1098 3213 si
1110 3149 1179 3233 pud
1191 3159 1428 3234 augmentare;
1442 3148 1477 3214 la
1489 3145 1602 3220 chiesa,

392 3261 524 3328 benche
540 3263 559 3327 ὁ
576 3261 697 3347 picola,
715 3262 735 3328 ἑ
750 3259 838 3328 assai
855 3262 1000 3328 comoda
1019 3272 1055 3328 et
1075 3261 1218 3350 gintile3
1241 3274 1276 3331 et
1294 3263 1478 3330 habbiamo
1493 3261 1517 3327 il
1531 3281 1603 3327 can-

392 3374 527 3442 cellario
543 3377 647 3443 molto
664 3376 707 3442 da
722 3377 828 3458 bene,
845 3377 941 3443 buon
956 3377 1135 3458 catholico,
1154 3388 1188 3446 et
1209 3378 1315 3445 molto
1334 3399 1459 3465 capace
1481 3377 1516 3445 di
1535 3395 1603 3460 rag-

391 3490 495 3578 gione
510 3501 545 3560 et
561 3492 667 3558 molto
684 3501 812 3574 nostro,
830 3501 865 3558 et
879 3492 900 3558 ὁ
915 3493 1028 3577 quello
1040 3495 1104 3559 che
1116 3514 1271 3580 gouerna
1285 3493 1309 3558 il
1321 3503 1423 3576 tutto;
1439 3503 1476 3561 et
1488 3493 1543 3581 gia
1552 3509 1603 3576 per

388 3607 497 3675 breue
509 3605 693 3692 apostolico
706 3607 725 3672 ὁ
737 3606 904 3692 applicata
916 3607 948 3673 la
961 3606 1092 3675 rendita
1104 3608 1160 3674 del
1175 3609 1392 3690 monasterio,
1407 3611 1471 3678 che
1485 3609 1601 3676 alman-

360 3709 361 3712 '
382 3743 444 3804 co,
461 3725 520 3788 un'
538 3741 628 3788 anno
643 3723 695 3786 oo'
713 3721 737 3786 l'
755 3722 852 3803 altr0‚
870 3743 1016 3789 saranno
1029 3722 1119 3791 mille
1131 3723 1262 3792 fioreni.
1277 3725 1326 3792 Le
1339 3723 1502 3790 difficolta
1512 3740 1598 3788 sono:

384 3836 509 3924 prima,
527 3838 592 3904 che
607 3835 631 3902 il
646 3857 795 3904 vescouo
811 3846 863 3903 sta
883 3835 919 3904 in
939 3835 1102 3904 continua
1118 3859 1243 3924 guerra
1260 3861 1280 3905 o
1297 3839 1331 3906 in
1347 3839 1461 3907 recelo
1477 3838 1532 3906 dei
1545 3853 1599 3901 suo

390 3951 534 4032 nemim,
553 3955 617 4021 che
633 3951 757 4020 dicono
769 3973 863 4019 esser
874 3953 988 4037 quello
1000 3955 1064 4022 che
1076 3957 1222 4040 procuro
1238 3975 1413 4022 amazzare
1424 3954 1448 4020 il
1464 3968 1600 4021 vescouo

385 4067 594 4153 precedente
610 4090 617 4150 ;
640 4077 675 4135 et
695 4079 815 4152 quatro
839 4067 919 4134 anni
942 4069 992 4150 fa,
1011 4072 1142 4156 occupo
1164 4071 1197 4138 la
1216 4069 1299 4137 cirta
1314 4071 1347 4136 d'
1366 4066 1556 4155 Herbipoli,
1571 4073 1600 4128 et

388 4183 600 4270 saequeggio
616 4184 647 4251 le
664 4205 742 4251 case
758 4185 802 4251 de
818 4183 972 4251 canonici
988 4207 995 4251 :
1015 4195 1067 4252 sta
1083 4197 1212 4252 serrato
1229 4185 1252 4251 il
1268 4207 1418 4252 vescouo
1434 4183 1600 4252 continua·

384 4310 503 4366 mente
519 4299 575 4366 nel
591 4321 655 4366 suo
671 4300 812 4367 castello
828 4300 932 4381 forte,
950 4321 1051 4387 sopra
1067 4322 1134 4368 vna
1155 4311 1341 4390 montagna
1356 4301 1565 4390 congiontae
1584 4315 1601 4357 a

440 4458 457 4492 ⁸
485 4463 501 4503 2
514 4450 608 4504 verba
620 4465 703 4522 seqq.
721 4467 810 4523 supra
822 4466 899 4506 vere.
915 4448 1027 4506 addidit
1039 4449 1167 4508 libra-1²
1176 4449 1371 4508 Emendatum
1383 4469 1400 4507 a
1413 4451 1483 4509 libr.
1505 4467 1538 4506 er
1556 4445 1597 4502 che

377 4533 400 4590 a·
414 4535 446 4591 lo
459 4539 592 4593 materia
601 4531 790 4611 grande-e
805 4539 871 4594 Hoc
883 4540 971 4597 verb.
988 4556 1074 4612 supra
1087 4558 1168 4597 vers.
1186 4539 1297 4596 addidit
1310 4539 1380 4596 libr.

442 4672 450 4704 ¹
488 4669 536 4727 Cf.
555 4671 825 4744 Banonsarnorn‚
838 4672 897 4728 loc.
915 4672 983 4742 cit„
999 4673 1054 4745 111,
1070 4673 1132 4744 137,
1146 4673 1210 4746 365,
1221 4687 1287 4745 422.
1311 4667 1317 4676 ’
