3482 5386
457 533 511 603 756
891 535 995 592 Errsr.
1016 533 1050 590 Ρ.
1070 535 1184 592 Naum.

423 683 533 764 tersit,
552 694 587 750 et
602 683 728 753 deinde
743 685 890 772 collegia
905 697 1022 752 nostra
1042 684 1173 767 uisitet,
1192 685 1358 766 mittatur,
1375 683 1525 752 omittere
1543 683 1620 750 nolui

419 773 504 858 quin
519 776 583 841 hac
599 772 780 841 occasione
796 797 855 860 per
871 797 963 842 meas
979 775 1110 842 litteras
1129 777 1173 841 D.
1192 775 1232 841 V.
1251 775 1444 853 salutarem,
1463 771 1620 856 eidemque

418 859 648 948 significarem
663 863 755 946 quod
771 873 916 949 uterque
931 861 1034 944 filius,
1051 867 1127 932 Deo
1142 863 1300 948 propitiO,
1318 863 1429 942 ualet,
1446 870 1480 928 et
1499 861 1576 926 bene
1589 881 1619 926 se

417 949 453 1016 in
481 949 627 1037 collegio
651 951 847 1036 germanico
875 951 975 1037 gerit.
998 954 1140 1020 Deferre
1163 961 1277 1018 autem
1304 954 1348 1018 D.
1371 952 1414 1017 V.
1437 948 1616 1033 obsequium

417 1049 585 1118 nostrum,
603 1049 663 1106 aut
679 1039 829 1106 studium
850 1039 1060 1126 significare,
1078 1059 1147 1126 quo
1167 1041 1322 1110 eamdem
1341 1060 1418 1108 cum
1441 1048 1508 1104 tota
1526 1057 1616 1124 gene-

415 1149 494 1194 rosa
509 1127 636 1194 familia
657 1128 906 1213 prosequimur,
934 1127 1162 1196 necessarium
1183 1150 1252 1195 non
1272 1127 1440 1208 existimo,
1458 1147 1531 1192 cum
1550 1147 1615 1210 per-

416 1226 572 1301 spectum
588 1217 623 1282 id
639 1215 682 1282 sit
698 1219 742 1284 D.
762 1219 820 1297 V.,
838 1239 940 1302 quam
956 1237 1076 1303 precor
1097 1228 1136 1283 ut
1155 1216 1299 1303 inceptis
1314 1228 1453 1283 sanctae
1463 1213 1614 1280 charitatis

416 1304 577 1390 operibus
593 1316 628 1372 et
643 1305 679 1370 in
695 1305 856 1392 peculiari
878 1306 1103 1375 beneficentia
1122 1328 1205 1392 erga
1226 1317 1360 1372 nostros
1381 1303 1545 1392 persistat,
1559 1323 1611 1370 nec

414 1393 534 1460 dubito
549 1396 735 1480 quodcum
751 1394 816 1463 Dei
829 1395 954 1462 auxilio
970 1395 1014 1462 sit
1026 1416 1159 1481 semper
1175 1395 1314 1462 factura.
1329 1397 1427 1482 Rogo
1442 1403 1547 1459 autem
1560 1391 1613 1458 Dei

414 1481 614 1564 bonitatem,
629 1492 666 1550 ut
675 1482 806 1568 gratiae
817 1504 899 1560 suae
911 1485 1003 1550 dona
1011 1483 1047 1550 in
1057 1487 1100 1552 D.
1110 1486 1154 1552 V.
1166 1481 1267 1550 simul
1277 1504 1357 1550 cum
1371 1482 1459 1549 llltri.
1471 1483 1508 1547 D.
1520 1480 1611 1548 Geor·

413 1569 472 1656 gio
488 1580 523 1638 et
540 1570 701 1639 uniuersa
715 1572 817 1640 domo
829 1593 891 1642 sua
904 1594 1107 1643 conseruare
1119 1582 1153 1642 et
1165 1594 1293 1659 augere
1305 1571 1476 1658 dignetur.
1490 1571 1608 1646 Romae,

413 1676 434 1740 7
450 1659 626 1726 Februarii
647 1660 743 1744 1566.

1010 1804 1042 1870 V

633 1915 814 1987 JOANNES
833 1915 1082 1974 FRANCISCUS
1105 1914 1414 1976 COMMENDONUS

844 2044 1031 2094 Guuieuuo
1050 2044 1202 2092 sIRLETo

766 2150 965 2234 Augustae,
983 2171 1004 2236 9
1021 2146 1133 2214 Martii
1154 2147 1238 2231 1566
1254 2149 1276 2212 ¹.

820 2261 867 2318 De
880 2267 1026 2318 conventu
1039 2265 1227 2335 augustano.

534 2371 581 2435 ho
597 2371 728 2435 hauuto
745 2367 832 2436 hieri
847 2369 903 2436 dal
919 2371 959 2434 P.
979 2370 1101 2437 Natale
1115 2369 1150 2436 la
1165 2391 1228 2436 sua
1243 2367 1278 2434 di
1306 2389 1327 2438 v
1351 2369 1407 2436 del
1423 2374 1552 2454 passato,
1567 2360 1600 2425 ni

407 2477 467 2542 per
483 2457 628 2544 risposta
645 2460 690 2523 ho
705 2457 750 2524 da
764 2457 841 2523 dirli
857 2459 943 2524 altro
959 2479 995 2525 se
1012 2479 1082 2523 non
1098 2459 1280 2544 pregharlo
1297 2480 1317 2525 a
1332 2458 1461 2525 basciar
1475 2455 1505 2521 in
1518 2470 1598 2518 nome

405 2545 474 2610 mio
490 2546 500 2610 i
517 2546 625 2612 sancti
642 2545 732 2632 piedi
748 2546 783 2612 di
799 2549 871 2615 Sua
887 2546 1118 2628 Beatitudine,
1137 2569 1156 2615 e
1174 2569 1194 2612 a
1209 2545 1358 2632 supplire
1379 2546 1473 2624 costi,
1489 2538 1597 2608 douela

407 2635 544 2716 uedera,
563 2638 627 2700 che
643 2634 702 2720 qui
718 2635 751 2701 io
767 2656 899 2714 manco,
919 2637 1042 2720 perche
1060 2657 1128 2701 non
1144 2634 1190 2701 mi
1206 2637 1396 2702 mancando
1406 2636 1457 2700 ne
1472 2626 1592 2728 uolenti,

405 2725 450 2788 ne
472 2724 660 2805 diligentia,
682 2745 737 2790 ma
758 2725 830 2790 solo
854 2725 966 2808 quelle
988 2723 1175 2790 conditioni
1198 2727 1263 2792 che
1288 2727 1373 2791 sorio
1401 2721 1546 2816 singulari
1567 2735 1593 2776 ¹1¹

405 2811 458 2877 V..
470 2813 504 2878 S.
522 2812 642 2892 lllma.,
661 2811 912 2879 confessandoli
929 2813 962 2879 io
980 2811 1170 2893 uolentieri,
1189 2812 1320 2880 ardisco
1335 2813 1370 2878 di
1387 2831 1500 2899 pregar
1512 2807 1546 2872 le1
1559 2799 1591 2866 ad

405 2898 515 2964 aiular
531 2899 554 2964 il
570 2914 727 2985 presente
742 2901 894 2987 negotio.
912 2901 1011 2968 Delle
1026 2901 1125 2985 quale
1141 2923 1180 2966 so
1195 2903 1261 2966 che
1276 2902 1318 2968 V.
1338 2902 1375 2969 S.
1391 2903 1485 2968 lllma.
1500 2911 1589 2961 econ·
1689 2959 1690 3000 ,

405 2987 638 3057 tinouamente
653 2990 844 3069 informata,
863 2988 942 3055 ond’
959 2989 991 3055 io
1007 3010 1076 3056 non
1091 2988 1218 3074 replico
1233 2990 1318 3056 altro
1339 2999 1376 3056 et
1398 2991 1430 3058 le
1448 2981 1547 3053 bascio
1566 2978 1589 3042 le

404 3076 549 3143 mani...
571 3079 617 3144 D’
635 3080 815 3164 Augusta,
837 3079 893 3144 alli
914 3099 952 3146 ix
973 3077 1007 3146 di
1031 3081 1146 3145 Marzo
1166 3079 1260 3162 1566.
1279 3077 1323 3145 Di
1339 3080 1384 3146 V.
1403 3081 1437 3148 S.
1455 3077 1546 3143 lllma.
1562 3075 1587 3132 el

293 3197 297 3204 ¹
403 3166 500 3232 Rma.
521 3166 744 3235 humilissimo
760 3167 936 3249 servitore,

990 3275 1026 3323 11.
1041 3276 1148 3323 canu.
1168 3255 1441 3326 Couunuuorm.

993 3425 1041 3490 Vl

714 3544 992 3615 MARQUARDUS
1013 3546 1065 3600 ΑΒ
1084 3544 1312 3602 HATTSTEIN

851 3651 1006 3724 episcopus
1026 3652 1168 3724 spirensis

783 3779 963 3828 nnunmo
987 3781 1237 3829 uunuuinruuo

720 3892 877 3979 Spirae,
911 3894 950 3960 16
974 3893 1127 3979 Aprilis
1156 3894 1294 3978 15662.

521 4025 641 4082 Laudo!
654 4026 809 4082 societatis
824 4025 1016 4082 institutum:
1028 4027 1064 4082 de
1074 4026 1200 4100 mollegio
1211 4027 1357 4101 erigendo
1369 4027 1481 4101 coguut.

461 4143 569 4230 Copia
588 4142 778 4224 literarum,
797 4165 881 4228 quas
901 4145 1020 4210 Rmus.
1051 4142 1233 4232 episcopus
1257 4143 1416 4232 spirensis
1436 4133 1514 4206 dedit
1529 4129 1575 4196 de

393 4365 425 4404 se
436 4347 456 4404 li
466 4346 588 4403 diedero
598 4349 626 4404 le
637 4348 749 4419 patenti
762 4346 928 4404 necessarie
938 4349 965 4403 al
977 4347 1096 4420 viaggio
1109 4357 1140 4402 et
1154 4347 1241 4404 uisita
1254 4347 1444 4421 d'Alemagua
1454 4332 1573 4412 superiore

392 4444 423 4491 et
436 4436 717 4597 lpfengquetypo,
730 4523 761 4580 in
773 4523 838 4579 cod.
853 4523 972 4580 Bibliot.
986 4523 1081 4580 Vatic.
1093 4525 1155 4590 lat„
1165 4524 1247 4594 6189.
1261 4524 1332 4582 Pars
1343 4526 1381 4594 11,
1392 4523 1437 4580 fol.
1449 4517 1501 4586 3⁰5·
1513 4503 1570 4562 VV‘

388 4630 458 4738 pag,-
477 4621 708 4775 zlixetrtddgiapho
725 4717 845 4772 coaevo,
865 4701 987 4758 Romam
1006 4700 1106 4770 misso,
1125 4700 1155 4757 in
1176 4699 1247 4758 Cod.
1267 4717 1315 4774 42,
1334 4701 1470 4781 inquam
1484 4681 1565 4763 ΡΨ
