3482 5386
717 464 882 525 Aaruunrx

751 699 844 770 XLII
1020 769 1025 780 ,

598 829 632 884 P.
648 828 853 889 nurourus
867 832 991 890 vrucrr

478 965 639 1016 SANCTO
663 967 899 1018 FRANCISCO
922 969 975 1016 DE
999 967 1130 1032 BORJA

389 1081 573 1168 Augustae
595 1079 833 1162 Trevirorum,
862 1099 903 1148 ιο
924 1081 1053 1168 Aprilis
1079 1083 1163 1166 1567
1186 1083 1209 1150 ¹.

515 1213 563 1269 De
584 1213 707 1286 collegii
726 1214 870 1285 spiramis
890 1215 1089 1272 institutione.

251 1329 325 1398 Alli
336 1327 385 1396 sei
408 1329 463 1397 del
478 1340 636 1416 presente
651 1329 686 1396 di
713 1330 856 1397 Colonia
878 1333 899 1398 ὲ
925 1330 1074 1399 arriuato
1089 1331 1147 1417 qui
1167 1331 1203 1398 in
1226 1331 1369 1401 Treueri
1385 1331 1410 1400 il

164 1417 218 1484 R.
243 1421 290 1486 P.
308 1419 430 1502 Nadal,
448 1417 506 1505 gia
525 1419 561 1483 di
581 1419 726 1486 alchune
746 1419 925 1488 settimane
940 1430 1122 1505 espettato,
1145 1419 1180 1488 iu
1197 1423 1409 1489 saluamento

161 1526 242 1591 per
259 1507 293 1574 la
310 1506 421 1594 gratia
436 1508 491 1574 del
504 1507 641 1594 Signor.
656 1509 819 1594 Speramo
834 1510 897 1576 che
913 1509 946 1575 la
961 1530 1023 1574 sua
1035 1509 1218 1596 presentia,
1237 1529 1337 1578 come
1351 1510 1409 1576 alli

165 1595 262 1662 altri
279 1595 417 1682 collegii
432 1596 451 1664 ὲ
473 1605 562 1663 stata
577 1596 671 1678 vtile,
696 1600 772 1662 sara
788 1597 938 1664 anchora
953 1607 987 1665 et
1005 1619 1025 1664 a
1044 1609 1178 1682 questo.
1196 1601 1267 1668 Sua
1283 1602 1346 1666 R!
1364 1601 1410 1666 ha

167 1684 438 1751 communicato
464 1706 560 1751 meco
576 1685 688 1770 quella
710 1684 886 1767 difficulta,
900 1686 934 1753 la
956 1686 1056 1770 quale
1072 1697 1170 1754 troua
1181 1687 1213 1753 la
1226 1690 1267 1754 R.
1294 1691 1334 1754 Pr
1362 1690 1406 1756 V.
1448 1753 1450 1758 .

168 1772 278 1840 circa
293 1773 328 1840 di
343 1784 547 1860 promettere
562 1775 594 1840 al
610 1775 698 1840 Rd0.
716 1783 750 1841 et
766 1775 879 1842 nobile
895 1773 1044 1861 capitulo
1059 1775 1211 1860 spirense
1227 1797 1272 1842 un
1293 1776 1409 1862 predi-

171 1872 303 1930 catore
319 1873 353 1930 et
369 1864 489 1930 lettore
508 1862 544 1928 in
572 1862 756 1948 theologia,
785 1873 819 1931 et
846 1863 977 1931 benche
993 1885 1062 1929 non
1082 1863 1193 1930 vorria
1207 1863 1242 1930 in
1259 1886 1410 1932 nessuno

173 1952 289 2018 modo
300 1952 367 2018 che
382 1950 559 2018 facessimo
575 1951 879 2018 odomandassimo
890 1973 970 2018 cosa
981 1955 1128 2018 alchuna
1139 1962 1259 2018 contra
1271 1954 1293 2018 l’
1307 1953 1408 2020 insti-

175 2049 262 2106 tuto
275 2040 363 2106 della
374 2039 597 2126 Compagnia,
612 2039 863 2108 nientedimeno
875 2041 980 2107 molto
992 2040 1038 2105 mi
1050 2041 1264 2108 contristaria
1276 2063 1314 2110 se
1329 2062 1408 2126 cum

173 2138 307 2212 questa
322 2128 500 2195 occasione
527 2139 561 2198 et
576 2127 612 2194 in
628 2129 740 2214 quella
756 2128 823 2194 citi
847 2128 933 2196 etin
952 2130 1038 2196 altre
1053 2129 1082 2196 si
1098 2128 1278 2215 impedisse
1299 2132 1409 2216 grand

174 2217 291 2284 frutto
306 2217 396 2284 delle
411 2217 534 2298 anime,
554 2227 588 2286 et
607 2218 711 2284 sarria
734 2217 913 2284 occasione
938 2219 973 2283 di
990 2239 1058 2284 non
1079 2219 1203 2284 fundar
1219 2218 1261 2285 ne
1282 2231 1407 2304 questo

174 2305 227 2374 ne
243 2305 320 2372 altri
336 2307 472 2392 collegii
488 2305 523 2372 in
539 2315 657 2390 queste
673 2308 796 2388 bande,
818 2307 908 2374 doue
923 2307 955 2372 la
975 2308 1188 2384 causadella
1210 2306 1410 2376 fundatione

174 2393 217 2459 di
235 2394 382 2480 collegio
402 2395 471 2462 ein
486 2416 573 2481 gran
593 2405 688 2480 parte
713 2416 773 2481 per
800 2396 908 2462 hauer
935 2394 1159 2480 predicatore.
1189 2397 1354 2481 Legendo
1374 2407 1409 2464 et

176 2483 394 2550 conserendo
410 2483 434 2548 li
450 2483 539 2549 lochi
566 2485 654 2552 delle
670 2482 902 2550 constitutioni
922 2496 956 2549 et
976 2482 1195 2550 declarationi
1218 2494 1253 2551 et
1268 2485 1359 2552 bolle
1373 2495 1409 2552 et

176 2571 270 2638 altre
286 2571 455 2658 raggioni,
470 2573 502 2638 le
514 2572 614 2658 quale
629 2592 871 2652 occorreuan0,
885 2594 907 2638 a
918 2593 972 2638 me
985 2593 1064 2656 pare
1077 2575 1141 2638 che
1153 2573 1185 2637 la
1197 2572 1408 2658 obligatione

177 2659 219 2725 in
236 2661 340 2726 modo
352 2682 448 2728 corne
464 2661 487 2726 il
502 2660 651 2746 capitulo
666 2662 699 2727 lo
716 2661 894 2741 domanda,
909 2659 937 2726 si
954 2661 1021 2746 pud
1036 2662 1080 2726 da
1095 2663 1138 2728 V.
1160 2663 1199 2728 P.
1220 2661 1290 2728 sare
1305 2683 1410 2728 senza

179 2748 374 2834 preiudicio
389 2750 445 2815 dal
459 2749 615 2815 instituto
631 2751 718 2816 della
730 2749 983 2836 Compagnia...
1002 2761 1036 2816 et
1052 2750 1175 2836 perche
1192 2748 1214 2814 il
1230 2752 1271 2816 R.
1297 2753 1336 2818 P.
1355 2751 1409 2816 vi-

178 2836 326 2904 sitatore
341 2838 375 2903 di
391 2849 513 2922 questo
527 2841 634 2925 (come
650 2839 764 2924 credo)
779 2837 928 2905 scriuerd
949 2839 1015 2904 alla
1030 2839 1071 2905 R.
1091 2841 1132 2906 P.
1151 2840 1194 2905 V.
1210 2839 1275 2904 alla
1290 2839 1406 2926 longa,

179 2947 255 2992 non
271 2925 317 2991 mi
329 2928 508 2994 estendere
524 2925 581 3012 piu
597 2925 633 2992 in
647 2937 780 3012 questo;
794 2927 980 2995 solamente
996 2926 1019 2992 li
1036 2927 1180 3013 pregard
1195 2929 1260 2995 che
1275 2927 1311 2993 in
1327 2948 1407 2994 caso

177 3017 249 3082 che
265 3016 356 3081 fosse
372 3037 533 3100 appresso
548 3015 583 3081 di
599 3017 643 3082 V.
662 3018 703 3083 R.
719 3017 764 3085 P.
791 3016 936 3100 qualche
963 3015 1138 3097 difficulta,
1156 3016 1221 3081 che
1240 3015 1275 3081 in
1296 3017 1409 3101 quello

177 3105 247 3170 che
263 3104 283 3170 e
298 3103 356 3190 gia
372 3104 457 3171 fatto
473 3126 495 3169 o
510 3105 702 3184 accordato,
720 3125 817 3172 come
837 3105 894 3191 gia
909 3107 1036 3171 hauera
1056 3103 1166 3172 inteso
1183 3124 1243 3188 per
1258 3105 1291 3169 la
1311 3105 1408 3191 copia

176 3191 217 3260 di
228 3192 324 3261 detta
339 3191 538 3261 fundatione
553 3193 609 3261 del
620 3191 766 3279 collegio
781 3192 945 3280 spirense,
962 3195 1028 3261 che
1043 3193 1158 3278 voglia
1169 3191 1358 3278 dispensat,
1373 3205 1409 3261 et

177 3302 243 3368 per
259 3282 281 3346 l’
300 3282 441 3348 aduenir
457 3281 486 3348 si
502 3283 599 3368 potrai
618 3283 668 3348 far
683 3281 742 3367 piu
758 3292 989 3350 cautamente.
1002 3331 1035 3350 ..

742 3449 850 3518 me

581 3580 615 3636 P.
640 3579 847 3638 nummus
866 3580 990 3636 vrucrr

469 3717 629 3766 SANCTO
653 3717 889 3766 FRANCISCO
912 3717 965 3764 DE
990 3716 1120 3778 BORJA

371 3833 553 3917 Augustae
579 3799 816 3912 Treviroruin,
851 3849 889 3897 10
915 3829 1043 3916 Aprilis
1076 3829 1158 3913 1567
1186 3829 1216 3902 ⁸.

284 3963 331 4020 De
342 3965 446 4020 habitu
459 3981 479 4020 a
490 3964 577 4020 sociis
584 3965 732 4038 gestando
744 3966 785 4020 acl
795 3968 923 4020 mantem
930 3963 1100 4036 praepositi
1105 3961 1262 4036 generalis
1270 3965 1298 4016 et

661 4054 768 4109 Patris
784 4053 920 4109 Natalis.

243 4171 267 4258 †
314 4171 422 4238 Molto
439 4171 530 4239 Rdo.
552 4179 669 4237 nostro
685 4169 720 4240 in
736 4168 874 4241 Christo
887 4169 1009 4237 Padre.
1027 4169 1100 4234 Pax
1115 4166 1256 4236 Christi.
1269 4166 1401 4234 Il‘Rdo.

174 4257 212 4326 in
240 4258 379 4327 Christo
403 4263 505 4328 Pater
525 4260 646 4328 Natale
666 4261 710 4324 ha
731 4257 980 4329 communicato
1008 4277 1107 4324 meco
1134 4257 1249 4344 quello
1276 4257 1340 4330 che
1369 4253 1402 4320 la

230 4455 238 4486 ¹
277 4455 322 4510 Ex
335 4455 525 4527 autographo,
539 4453 569 4510 in
585 4452 657 4510 Cori.
671 4467 710 4525 29
720 4451 769 4528 g),
782 4451 834 4523 253
848 4454 938 4524 (414).
955 4451 1033 4507 Vide
1046 4467 1119 4524 pag.
1134 4449 1197 4519 ³6&
1212 4457 1243 4505 et
1255 4447 1321 4505 382.

228 4547 240 4580 ¹
278 4545 321 4600 Ex
334 4547 525 4618 autographo,
540 4545 570 4601 in
583 4545 680 4616 Epist.
689 4543 812 4638 ,Ναίαὶη
826 4545 864 4610 11,
876 4541 1016 4600 schedula
1028 4541 1059 4598 in
1072 4542 1126 4612 4.⁰,
1147 4539 1197 4596 182
1216 4538 1308 4612 (423).
1325 4537 1402 4594 Vide

175 4632 524 4706 12285553400301477·
