3414 5374
605 521 639 564 22
658 509 743 580 Juuu
764 518 833 578 1574
1239 508 1293 578 667

113 657 284 726 Gionsimo
298 682 319 727 a
334 661 453 746 lspruc
468 682 488 726 a
508 679 546 744 13
562 659 598 726 di
616 659 726 741 Iunio,
743 660 834 727 doue
854 657 980 746 riposai
1009 680 1028 744 3
1050 658 1178 745 giorni3
1196 669 1231 726 et
1253 661 1330 728 cusi

113 793 214 839 sonno
226 775 246 840 8
258 774 372 861 giomi
383 777 447 842 che
459 774 629 862 gionsimo
644 775 703 859 qui
721 785 749 843 ⁸.
766 776 904 844 Passoa
920 774 1101 842 Monachio
1115 773 1140 840 il
1156 777 1197 842 P.
1216 776 1325 843 Geor·

115 887 176 974 gio.
191 888 317 956 Trouai
332 889 367 956 in
382 890 500 976 lspruc
516 889 593 957 ilP.
607 889 924 976 Canisiooccupato
938 889 973 956 in
990 911 1052 956 sua
1070 888 1214 956 «Maria»
1233 891 1255 955 ¹.
1270 891 1331 957 Ha

114 1023 157 1069 vn
171 1003 317 1085 scrittor‚
333 1006 398 1071 che
409 1004 458 1092 gli
469 1003 580 1072 scriue
593 1015 643 1072 tre
658 1007 742 1073 hore
757 1006 823 1072 alla
833 1004 987 1088 mattina,
1001 1015 1035 1072 et
1053 1025 1071 1089 3
1085 1004 1150 1071 alla
1161 1025 1247 1072 sera.
1262 1007 1290 1071 F
1292 1005 1328 1071 ui

115 1127 202 1185 tanto
225 1119 293 1186 ben
309 1128 461 1201 trattato,
479 1122 544 1188 che
565 1119 685 1206 troppo
700 1142 708 1202 ;
727 1121 858 1188 benche
872 1119 923 1186 fla
940 1121 1044 1189 uben»
1063 1120 1100 1186 iu
1120 1119 1326 1200 necessario,

113 1234 231 1317 perche
246 1233 360 1320 gionsi
375 1255 476 1320 sopra
491 1235 592 1300 modo
607 1246 752 1317 stracco;
771 1251 840 1301 non
856 1234 879 1301 il
898 1233 1057 1322 «troppo»
1075 1236 1139 1303 che
1155 1234 1186 1300 la
1203 1255 1290 1322 gran
1313 1245 1330 1278 0

113 1345 237 1413 charita
253 1348 308 1415 del
324 1351 365 1414 P.
384 1349 573 1417 Vendelino
592 1347 621 1414 l.
639 1350 765 1417 Hanno
780 1371 826 1415 vn
842 1348 989 1436 collegio
1004 1347 1210 1435 amplissimo
1222 1359 1257 1416 et
1268 1370 1325 1415 or-

113 1459 292 1544 natissimo,
310 1472 345 1529 et
359 1464 465 1529 molto
481 1463 599 1532 ordine
615 1463 651 1529 in
665 1462 748 1550 ogni
763 1484 853 1531 cosa.
872 1464 951 1530 Non
971 1466 1016 1531 ho
1031 1463 1173 1531 voluto⁸
1197 1462 1329 1532 scriuer

112 1575 170 1642 alla
184 1579 225 1643 Ρ.
243 1579 284 1646 V.
302 1577 430 1658 auanti,
449 1599 509 1664 per
525 1578 697 1664 poter'dar
720 1579 843 1646 alcuna
864 1577 1081 1646 information
1103 1579 1138 1645 di
1161 1578 1329 1666 isperien-

113 1689 165 1756 tia.
179 1693 320 1760 Benche
335 1692 427 1778 dipoi
443 1693 477 1759 di
494 1694 608 1760 Padoa
629 1693 640 1736 f
657 1694 722 1762 esti
737 1692 825 1762 assai
839 1694 930 1761 volte
943 1699 1013 1759 tom
1029 1694 1197 1780 deplorate
1212 1695 1327 1783 defes-

112 1825 175 1886 sus,
194 1810 259 1875 che
279 1808 376 1895 quasi
396 1808 521 1875 veniua
547 1832 567 1875 a
593 1809 714 1876 difidar
736 1809 771 1875 di
793 1807 893 1895 pot'er
919 1831 1036 1896 passar
1059 1810 1187 1890 auanti,
1210 1808 1328 1896 pigliai

10 1943 11 1946 ¹
114 1939 238 2008 sempre
253 1923 367 1990 animo
386 1924 474 1992 nelle
490 1924 632 1991 orationi
648 1923 683 1991 di
699 1925 743 1992 V.
761 1925 802 1991 P.
820 1936 855 1992 et
876 1923 1081 1993 obedientia.
1100 1925 1229 1992 Gionto
1245 1945 1326 2010 qua,

11 2079 12 2082 =
115 2037 297 2104 anchorche
307 2040 422 2107 banea
438 2039 587 2125 riposato
608 2038 643 2105 in
664 2037 798 2125 Ispruc,
816 2041 965 2106 anchora
988 2039 1109 2106 adesso
1130 2039 1175 2105 mi
1199 2038 1330 2105 risento

114 2157 199 2217 tanto
215 2153 271 2220 del
291 2153 433 2220 traballo
449 2164 597 2238 passato,
615 2156 680 2222 che
695 2153 741 2220 mi
757 2153 943 2235 marauillo,
962 2176 1032 2221 non
1055 2155 1199 2222 essendo
1215 2176 1236 2220 a
1250 2152 1328 2220 altri

115 2267 291 2336 marauilla.
311 2269 338 2333 Π
354 2267 480 2354 Signor
495 2267 541 2333 mi
558 2270 602 2334 da
616 2269 686 2334 bon
701 2269 825 2335 animo.

172 2396 203 2445 2.
251 2380 517 2448 Auicinandomi
532 2405 552 2448 a
564 2384 665 2450 Halla
680 2384 692 2417 ¹
706 2383 752 2448 mi
764 2382 920 2470 rallegrai
933 2381 1329 2463 extraordinariamente,

112 2501 142 2556 et
155 2493 286 2580 gionto,
306 2495 395 2563 senti
417 2518 502 2582 gran
518 2497 729 2566 consolation
745 2497 802 2564 nel
816 2497 953 2584 Signor.
976 2497 1084 2584 Spero
1103 2500 1168 2566 che
1189 2518 1251 2564 sua
1272 2495 1327 2562 di-

114 2604 184 2675 uina
199 2612 277 2678 Mil
292 2611 339 2676 mi
358 2611 424 2676 lar
445 2611 648 2678 conseruari
670 2621 704 2680 et
728 2612 951 2698 augmentarit
973 2613 1010 2678 in
1028 2611 1150 2698 finem.
1169 2611 1195 2678 Il
1216 2611 1329 2678 Padre

114 2733 213 2790 rector
228 2726 274 2792 mi
293 2734 396 2792 tratta
411 2724 445 2791 di
467 2725 629 2808 mamma,
648 2729 712 2795 che
727 2725 761 2795 io
776 2727 891 2814 voglio
907 2727 1055 2814 appellat
1070 2727 1230 2794 al'Padre
1246 2746 1325 2812 pro-

115 2887 301 2904 h——-——

158 2993 173 3023 a
199 2984 262 3039 Hoc
276 2984 362 3038 verb.
373 2999 460 3055 supra
473 2999 551 3039 vers.
566 2983 677 3039 addidit
687 2984 725 3039 N.
739 2985 790 3027 -b
800 2985 865 3040 Hoc
878 2986 961 3040 verb.
973 3001 1060 3056 supra
1070 3000 1146 3046 vers.
1162 2982 1272 3039 addidit
1285 2983 1325 3037 N.

115 3079 155 3110 -0
171 3070 232 3128 Hoc
244 3074 331 3128 verb.
345 3087 432 3143 supra
445 3089 523 3128 vers.
541 3071 653 3128 addidit
669 3072 760 3127 N‚..d
776 3071 987 3145 Supplendum:
1002 3073 1209 3146 aggiome.-e
1221 3073 1326 3128 Emen-

113 3153 202 3214 datum
214 3179 230 3216 a
241 3161 281 3216 N.
297 3177 334 3216 ex
347 3161 483 3218 volsa-f
501 3162 749 3218 Aut.P0doa.-e
759 3162 823 3217 Hoc
836 3163 918 3217 verb.
930 3178 1017 3234 supra
1029 3178 1106 3216 vers.
1121 3160 1233 3216 addidit
1245 3161 1286 3216 N.

114 3281 299 3303 *Q—

161 3371 168 3402 ¹
204 3375 266 3428 «De
280 3373 371 3428 Maria
388 3372 510 3444 Virgine
528 3373 748 3445 incomparabili
766 3381 797 3430 et
813 3373 870 3429 Dei
889 3372 1040 3429 Genitrice
1058 3381 1243 3428 sacrosancta
1259 3373 1327 3428 libri

112 3455 279 3530 quinque»...
304 3461 491 3532 Ingolstadii,
517 3473 596 3531 1577.
618 3461 665 3518 cf.
689 3462 937 3527 SouttERvooEL,
961 3461 1166 3531 Bibliothe'quo
1187 3462 1223 3516 de
1245 3461 1277 3515 la
1290 3459 1326 3516 C.

113 3543 189 3616 dej„
203 3551 242 3619 11,
256 3549 319 3618 674.
339 3553 385 3604 De
403 3550 458 3605 hoc
476 3567 564 3622 opere
582 3550 689 3622 passim
709 3551 888 3606 mentionem
900 3548 973 3604 iacit
990 3548 1127 3606 Canisius
1144 3547 1174 3604 in
1191 3549 1253 3604 suis
1266 3549 1326 3621 epi·

115 3633 187 3690 stolis
198 3638 233 3693 ad
245 3638 279 3692 P.
294 3638 475 3694 Everardum
488 3639 711 3695 Mercurianum.

147 3721 170 3757 '²
201 3728 248 3781 De
260 3727 384 3797 collegio
397 3727 500 3782 Hallae
517 3727 620 3796 (Hali),
639 3745 714 3800 quae
733 3733 779 3782 est
797 3728 867 3782 urbs
885 3726 916 3782 in
934 3726 1026 3781 Tiroli
1044 3743 1130 3798 supra
1143 3727 1252 3782 flumen
1267 3724 1328 3783 Oe·

115 3821 175 3865 mun
185 3815 261 3884 (lnn)
275 3815 341 3883 sita,
355 3831 414 3870 non
426 3817 513 3886 longe
526 3816 564 3870 ab
576 3813 754 3887 Oeniponte‚
772 3816 845 3870 haec
861 3815 937 3870 habe
955 3831 992 3869 ex
1009 3814 1109 3870 codice
1126 3827 1173 3884 41,
1192 3815 1325 3870 Histori-

115 3911 153 3959 ω,
169 3899 349 3975 deprompta:
369 3903 449 3958 «Sub
464 3903 553 3959 finem
572 3904 681 3975 Aprilis
698 3903 792 3975 [1569]
809 3903 986 3959 instantibus
1004 3903 1124 3974 reginis,
1142 3921 1216 3977 quae
1235 3901 1325 3961 Oeni-

114 3987 185 4050 ponti
196 4000 359 4056 versantur,
373 3999 404 4046 et
415 3992 571 4048 archiduce
589 3991 781 4061 Ferdinando,
796 3991 953 4062 collegium
966 3994 1014 4048 vel
1028 3991 1131 4047 domus
1145 3991 1326 4064 probationis

114 4067 194 4131 Halae
209 4087 254 4135 est
269 4079 406 4135 admissa.
426 4079 616 4134 Postmodum
634 4080 752 4136 domum
771 4087 801 4135 et
813 4080 971 4140 ecelesiam
985 4081 1060 4152 [sic],
1083 4098 1169 4153 quarn
1188 4079 1325 4135 viventes

112 4162 218 4221 eaedem
229 4168 350 4239 reginae
362 4167 393 4223 in
406 4185 490 4222 usum
504 4185 589 4223 suum
602 4177 704 4224 essent
715 4168 879 4238 habiturae,
890 4170 933 4224 eis
946 4168 1168 4238 decedentibus,
1182 4168 1323 4224 Societati

113 4245 212 4309 oblatae
224 4263 254 4311 et
265 4255 392 4311 donatae
404 4257 442 4310 ab
455 4256 566 4311 eisdem
579 4265 657 4312 sunt.
672 4257 794 4313 interim
806 4265 905 4312 autem
925 4257 994 4314 dum
1012 4258 1126 4328 vivunt,
1145 4258 1201 4313 alia
1218 4256 1323 4312 domus

112 4340 204 4398 nostris
223 4353 269 4400 est
290 4345 467 4415 assignata.»
489 4343 560 4400 Cod.
580 4359 629 4416 41,
648 4345 699 4402 iol.
721 4345 782 4402 160.
803 4347 861 4401 aa·
878 4345 1023 4402 dominica
1041 4346 1185 4402 adventus
1203 4345 1321 4416 reginae

114 4419 269 4518 llaednena
280 4441 312 4488 et
330 4434 444 4488 Helena
463 4435 600 4490 Austriae
620 4434 788 4507 Oeniponto
801 4435 917 4490 Hallam
930 4452 963 4490 se
976 4437 1174 4506 contulerunt,
1187 4443 1218 4489 et
1230 4435 1323 4490 nostri

113 4509 207 4576 ibidem
219 4521 248 4576 in
259 4523 325 4579 loco
335 4521 489 4594 designato
501 4522 630 4578 residere
644 4531 818 4596 coeperunt.
831 4524 938 4579 Postea
951 4523 1062 4578 dotatio
1075 4525 1234 4579 subsecuta
1246 4530 1323 4578 est.»

115 4595 178 4659 lbid,
196 4608 247 4666 iol.
267 4609 318 4665 163
335 4629 368 4666 v.
390 4611 442 4667 «In
460 4611 585 4682 collegio
602 4611 716 4668 halensi
735 4625 768 4667 12
785 4611 907 4684 degunt.
926 4612 1100 4668 Sacerdotes
1114 4624 1141 4681 7.
1159 4612 1324 4684 Praecepto

115 4699 155 4744 ¹0⁸
166 4707 190 4749 2·
202 4698 392 4772 Coadjutores
405 4699 541 4772 4.n1bid.
555 4717 625 4756 ann.
646 4713 726 4774 1574,
738 4701 789 4758 fol.
806 4701 867 4756 182.
