3482 5386
455 514 507 583 782
892 513 995 568 Earsr.
1016 513 1049 566 P.
1070 512 1183 568 Naum.

420 665 552 752 possint
566 687 619 748 ea,
638 687 726 750 quae
741 675 834 733 recte
850 664 978 733 docent
997 674 1032 730 et
1051 666 1237 750 postulant,
1260 662 1452 732 executioni
1476 667 1618 733 mandari.

419 755 523 822 Nulla
537 755 627 820 enim
644 763 696 820 est
712 753 747 820 in
760 753 812 820 his
823 753 907 820 locis
918 752 1094 834 seueritas
1109 753 1169 821 sed
1181 774 1315 820 summa
1326 752 1501 820 dissolutio
1512 767 1543 822 et
1555 777 1619 840 per-

420 844 569 910 turbatio
593 842 842 910 ecclesiasticae
869 841 1077 926 disciplinae.
1100 841 1153 923 4.⁰
1181 841 1281 911 Sicut
1305 842 1476 927 sapientes
1499 844 1616 927 quidam

418 932 589 1014 iudicant,
622 944 738 1017 posset
769 930 905 1015 quidem
937 940 1053 1031 nostra
1083 929 1239 998 Societas
1269 930 1403 997 afflictis
1433 933 1616 1002 Germaniae

418 1022 521 1088 rebus
537 1030 572 1089 et
588 1018 700 1088 ruenti
717 1018 870 1105 religioni
890 1017 1052 1086 maiorem
1073 1039 1210 1104 operam
1233 1021 1366 1098 afferre,
1385 1017 1413 1085 si
1434 1021 1615 1088 haberemus

417 1110 613 1177 sacerdotes
628 1119 663 1175 et
685 1109 865 1194 theologos
884 1127 1077 1210 germanos,
1100 1107 1157 1192 qui
1179 1110 1307 1192 absque
1327 1129 1454 1194 magno
1473 1111 1615 1210 collegio-

417 1219 493 1264 rum
510 1198 727 1276 detrimento,
746 1208 781 1264 et
801 1195 874 1263 sine
894 1195 1044 1282 periculo
1064 1217 1146 1262 suae
1162 1195 1362 1276 vocationis,
1380 1208 1518 1282 possent
1532 1199 1614 1264 annis

416 1287 566 1372 aliquot
557 1310 592 1352 m
605 1284 821 1352 nsdemlocrs
833 1305 1063 1370 perseuerare,
1075 1285 1244 1366 docendo
1255 1285 1502 1368 conuersando,
1515 1287 1613 1354 simul-

415 1397 482 1459 que
499 1375 680 1462 pastoralia
703 1373 819 1440 munia
838 1373 1041 1442 exercendo.
1067 1375 1209 1455 Verum,
1227 1384 1263 1439 vt
1284 1395 1377 1440 nunc
1401 1338 1503 1440 habei
1524 1387 1614 1442 status

416 1473 488 1530 tum
517 1485 751 1549 personarum,
775 1474 848 1528 tum
876 1461 1099 1564 collegiorum
1124 1463 1364 1548 praesentium,
1391 1484 1459 1528 non
1482 1463 1614 1531 videmur

414 1573 488 1618 eam
506 1553 619 1618 adhuc
635 1551 782 1618 assecuti
799 1550 1039 1632 maturitatem3
1057 1551 1117 1616 sed
1134 1551 1247 1636 potius
1263 1554 1330 1617 hoc
1347 1551 1529 1619 timendum
1548 1553 1610 1628 erit

414 1661 470 1722 ne,
488 1641 570 1706 dum
587 1639 694 1706 nostri
711 1641 753 1706 ad
769 1639 898 1705 alienos
913 1651 948 1705 et
964 1639 1152 1706 haereticos
1168 1642 1338 1707 sanandos
1359 1639 1544 1722 mittuntur,
1560 1641 1610 1728 ipsi

413 1729 659 1816 periclitentur,
678 1739 713 1794 et
728 1728 901 1793 infirmum
921 1731 1015 1793 hunc
1034 1737 1161 1793 statum
1185 1728 1421 1814 collegiorum,
1447 1729 1503 1814 qui
1521 1731 1610 1796 multo

414 1819 541 1886 maiore
557 1819 669 1884 adhuc
685 1827 765 1902 eget
781 1816 1039 1884 confirmatione
1053 1827 1155 1902 atque
1171 1819 1338 1903 profectu,
1362 1819 1503 1884 reddant
1524 1819 1607 1886 etiam

414 1906 615 1974 deteriorem
632 1917 666 1972 et
687 1905 910 1972 afflictiorem.

480 1997 597 2080 Quare
614 1992 776 2060 maiorem
792 1994 828 2059 in
844 1994 983 2058 modum
999 1991 1242 2074 desideramus,
1266 2006 1303 2060 vt
1322 2015 1410 2078 quae
1429 1995 1557 2062 consilia
1573 1997 1607 2060 de

413 2084 540 2150 nostris
556 2082 752 2148 mittendis
744 2082 977 2162 instituentur,
1000 2101 1077 2147 curn
1098 2083 1189 2148 bona
1210 2083 1318 2168 gratia
1342 2085 1558 2164 fundatorum,
1579 2095 1606 2150 et

409 2171 498 2238 citra
514 2170 773 2238 dissolutionem
790 2183 849 2237 aut
865 2171 1103 2238 detrimentum
1121 2171 1356 2272 collegiorum,
1375 2183 1410 2239 et
1425 2171 1495 2240 sine
1513 2193 1606 2238 sacer-

409 2261 530 2327 dotum
547 2282 684 2345 quoque
701 2270 893 2326 nostrorum
912 2258 1073 2345 periculo,
1091 2257 1327 2326 instituantur:
1351 2260 1537 2362 praesertim
1553 2263 1606 2324 hoc

409 2359 648 2436 temporetam
666 2348 866 2433 periculos0,
885 2360 920 2416 et
935 2347 992 2414 vbi
1013 2347 1185 2434 plaerique
1206 2349 1372 2434 germani,
1391 2372 1449 2433 qur
1441 2350 1544 2434 apud
1557 2368 1606 2412 nos

408 2451 504 2518 sunt,
535 2439 740 2515 sacerdotes
770 2459 839 2502 non
866 2459 907 2503 ea
933 2436 1093 2504 videntur
1119 2439 1253 2505 adferre
1277 2439 1415 2516 talenta,
1439 2459 1520 2522 quae
1539 2436 1605 2502 huic

411 2537 507 2593 tanto
522 2548 656 2593 muneri
647 2526 852 2592 'subeundo
869 2525 1108 2610 respondeant.
1123 2527 1149 2592 F
1151 2525 1198 2591 iat
1214 2538 1329 2594 autem
1346 2527 1381 2593 in
1398 2527 1543 2592 omnibus
1553 2524 1603 2591 Dei

407 2626 445 2682 et
461 2616 671 2702 superiorem
688 2617 858 2680 voluntas
927 2667 931 2678 .

479 2707 662 2789 Inscriptio
690 2726 711 2768 a
738 2709 846 2790 tergo:
875 2702 1093 2789 †Quaedam
1121 2701 1210 2770 circa
1237 2702 1368 2770 indices
1389 2703 1601 2771 mittendorum

406 2793 669 2861 consideranda.

949 2987 1097 3052 XXXIV

787 3119 820 3174 P.
841 3115 1102 3174 HIERONYMUS
1123 3118 1262 3174 NADAL

860 3234 963 3298 Anno
991 3234 1074 3317 1566
1097 3235 1183 3333 (δ”.

682 3442 684 3446 .
799 3373 846 3429 De
856 3375 974 3429 ratione
985 3373 1090 3430 alertdi
1103 3377 1240 3432 novitios.

446 3504 567 3590 ..Jhus
585 3503 638 3568 De
659 3498 789 3565 ratione
808 3509 843 3564 et
863 3499 965 3563 modo
985 3498 1097 3566 alendi
1122 3501 1275 3568 nouicios
1302 3502 1477 3586 Monachij.
1505 3498 1597 3566 Colle-

405 3589 502 3677 gium
520 3589 760 3656 monachiense
775 3588 842 3653 alet
859 3605 902 3668 24
920 3589 1037 3654 Patres
1052 3599 1087 3653 et
1110 3590 1240 3656 fratres,
1269 3593 1423 3658 Eundem
1444 3605 1595 3656 numerum

403 3679 685 3766 ingolstadiense,
696 3688 783 3742 etoe
786 3675 1007 3762 nipontanum
1020 3677 1213 3763 collegium
1227 3679 1420 3764 Collegium
1434 3678 1595 3762 dilingense

403 3770 472 3836 alet
489 3769 543 3834 28.
563 3765 756 3851 Collegium
773 3776 1014 3851 augustanum,
1028 3766 1180 3849 quandiu
1193 3769 1295 3834 habet
1310 3789 1373 3850 700
1386 3772 1528 3846 florenos,
1540 3762 1593 3828 alet

409 3877 462 3924 10.
486 3855 648 3924 Censebit
665 3869 778 3920 tamen
794 3853 1022 3940 prouincialiS,
1046 3854 1103 3919 ubi
1125 3866 1296 3921 rectorum
1314 3858 1460 3924 rationes
1474 3849 1589 3926 videbit,
1620 3860 1624 3868 '

403 3968 446 4012 an
462 3946 576 4031 plures
593 3942 721 4029 possint
736 3943 837 4009 alere
858 3943 925 4008 Hic
940 3963 1103 4008 numerus
1119 3955 1170 4010 est
1187 3946 1405 4028 constitutus,
1430 3936 1592 4013 coniunctis

402 4035 562 4100 omnibus
584 4031 742 4118 expensis
758 4031 972 4116 singulorum
989 4032 1224 4133 collegiorum,
1247 4047 1282 4100 et
1303 4056 1391 4119 quae
1414 4037 1455 4102 ad
1475 4030 1589 4101 victum

402 4123 577 4201 uestitum,
595 4121 730 4200 viatica,
749 4132 784 4187 et
799 4119 882 4186 altas
897 4141 951 4186 res
967 4120 1147 4204 pertinent
1170 4123 1363 4209 Collegium
1387 4117 1591 4216 monachiense

403 4214 535 4278 nullum
552 4210 690 4277 habebit
706 4208 948 4276 scholasticum
966 4208 1159 4292 SocietatiS,
1177 4211 1238 4280 sed
1252 4233 1430 4279 numerum
1445 4223 1529 4277 suum
1540 4203 1591 4268 im-

402 4301 513 4388 plebit
525 4320 568 4365 ex
584 4298 818 4365 nouitiis1nec
835 4296 958 4383 poterit
974 4297 1162 4365 subsidium
1179 4301 1223 4366 ab
1239 4300 1312 4366 aliis
1329 4301 1476 4388 collegiis
1485 4305 1588 4383 petere

405 4441 602 4452 ——u

456 4504 465 4536 ¹
502 4505 547 4559 Ex
560 4504 729 4574 archetypo,
745 4517 762 4555 a
775 4499 911 4572 Jimenez
923 4507 1052 4568 exarato,
1068 4509 1098 4556 et
1111 4502 1171 4557 aP.
1182 4503 1309 4559 Polanco
1321 4513 1457 4562 annotato
1466 4503 1490 4558 in
1499 4491 1588 4554 (ΜΛ,

401 4591 507 4646 Natat.
528 4593 617 4646 instr.
639 4589 755 4658 Germ,
774 4587 884 4661 duplici
902 4587 965 4659 soh,
983 4600 1029 4659 50,
1047 4589 1091 4657 58.
1105 4590 1181 4646 Inter
1200 4593 1273 4648 haec
1289 4591 1359 4648 folia
1376 4594 1432 4649 alia
1446 4589 1587 4647 documenti

397 4689 501 4736 assuta
514 4689 596 4736 sunt.
613 4678 689 4735 Vide
703 4695 772 4752 pag.
792 4691 855 4747 2093
869 4675 933 4746 332;
947 4675 1009 4748 349;
1024 4685 1055 4732 et
1066 4676 1132 4736 363.
