3384 5382
416 417 471 488 560
798 415 905 473 Emer.
925 413 960 468 P.
981 411 1188 486 Naum-509

380 567 405 636 il
426 565 466 637 ΡΖ
487 567 639 648 Canisio,
658 589 718 653 per
735 567 898 635 atendere
913 566 946 631 al
962 565 1113 634 scriuere
1129 577 1248 634 contra
1265 568 1297 636 le
1309 565 1482 646 centurie,
1496 587 1556 653 per
1567 587 1617 632 or-

384 685 466 754 dine
481 683 515 749 di
534 684 607 752 Sua
620 680 768 750 Santita.

450 820 481 884 3.
531 799 672 883 Quanto
689 798 721 862 al
736 794 883 882 collegio
899 798 964 864 che
979 796 1149 864 uorrebbe
1166 797 1218 862 far
1233 796 1268 863 in
1279 797 1400 863 Duaco
1418 795 1544 862 ileo.
1559 797 1613 862 ab

378 917 461 984 bate
475 914 510 979 di
532 911 729 998 Aquecinto
748 913 771 994 ¹,
789 932 871 997 pare
882 914 927 978 ha
940 910 1026 978 tanti
1038 911 1246 998 contrapesi,
1261 913 1326 979 che
1337 933 1409 978 non
1421 908 1612 998 giudicamo

379 1029 558 1116 spediente
574 1027 625 1095 sia
639 1035 811 1096 accettato
825 1027 862 1092 in
877 1025 924 1093 tal
944 1028 1064 1093 forma.
1082 1027 1126 1092 Et
1146 1003 1272 1114 poiche
1291 1025 1327 1094 in
1347 1027 1461 1094 simile
1482 1027 1611 1092 vniuer-

379 1144 445 1211 sita
462 1166 532 1210 non
548 1141 618 1229 pud
637 1141 760 1228 pigliar
780 1152 923 1207 assunto
946 1139 980 1206 di
1002 1141 1146 1227 leggere
1167 1143 1201 1208 la
1221 1141 1452 1228 Compagnia,
1477 1142 1611 1208 sarebbe

381 1261 472 1328 forse
488 1257 546 1346 pid
562 1256 739 1343 spediente
756 1258 820 1322 che
836 1255 865 1321 si
880 1258 1012 1324 facesse
1027 1275 1076 1322 un
1092 1256 1239 1343 collegio
1254 1278 1353 1325 come
1368 1257 1478 1342 quelli
1498 1255 1532 1322 di
1554 1258 1610 1324 Sa-

378 1375 535 1442 lamanca
550 1381 585 1441 et
601 1371 735 1452 Alcala,
754 1372 847 1439 doue
863 1373 957 1437 fusse
978 1392 1025 1437 un
1050 1392 1194 1440 numero
1216 1371 1251 1438 di
1274 1371 1428 1439 scholari
1454 1371 1559 1438 nostri
1581 1371 1611 1436 in

381 1487 566 1575 theologia,
585 1497 620 1555 et
635 1485 664 1554 si
679 1484 866 1567 accadessi,
885 1488 995 1554 anche
1019 1486 1055 1552 in
1066 1485 1294 1574 philosophia,
1318 1487 1414 1571 quali
1438 1485 1609 1554 andassino

381 1605 447 1672 alle
462 1601 597 1671 lettioni
611 1601 761 1688 publice,
791 1601 925 1670 benche
952 1601 1138 1670 hauessino
1166 1602 1313 1686 qualche
1327 1613 1460 1672 mastro
1476 1601 1511 1668 in
1525 1623 1606 1682 casa,
1643 1639 1647 1648 ·

380 1740 440 1805 per
457 1717 567 1784 aiutar
582 1739 650 1783 con
672 1717 817 1801 qualche
840 1713 982 1783 lettione
1001 1716 1200 1798 domestica;
1226 1719 1352 1804 perche
1376 1717 1451 1784 cosi
1475 1727 1565 1784 tanto
1587 1715 1605 1780 li

379 1831 549 1920 discipoli,
572 1841 700 1917 quanto
721 1831 744 1896 li
764 1830 895 1911 mastri,
913 1829 1172 1912 aiutarebbono,
1191 1841 1225 1897 et
1241 1853 1311 1898 non
1332 1831 1604 1919 impedirebbono

379 1950 414 2016 la
429 1945 628 2028 vniuersiu;
648 1968 669 2013 ο
685 1967 780 2027 uero,
795 1968 833 2014 se
844 1945 904 2032 pio
916 1957 1033 2031 presto
1045 1945 1170 2014 uolessi
1187 1948 1249 2014 far'
1263 1946 1449 2016 seminario
1464 1946 1499 2014 di
1515 1945 1601 2012 noui·

381 2064 418 2149 tij
437 2067 502 2130 che
522 2062 557 2128 di
579 2060 724 2129 scholari
746 2061 814 2148 (gia
834 2064 898 2128 che
920 2072 1017 2129 tocca
1038 2062 1127 2128 nelle
1148 2083 1210 2130 sue
1229 2063 1351 2131 lettere
1367 2065 1435 2132 che
1450 2084 1516 2129 non
1527 2061 1600 2128 hab-

381 2180 496 2246 biamo
517 2178 552 2244 in
574 2178 687 2262 quella
709 2175 880 2263 prouintia
899 2198 978 2243 casa
998 2175 1033 2242 di
1053 2177 1279 2264 probatione),
1304 2179 1475 2266 potrebbe
1497 2198 1557 2244 con
1573 2176 1600 2242 la

383 2295 465 2363 dote
482 2297 546 2361 che
565 2291 722 2362 olferisce
737 2291 862 2359 fundar
879 2313 948 2358 una
963 2312 1043 2358 casa
1058 2291 1094 2357 di
1110 2291 1323 2379 probatione.
1340 2285 1387 2360 Di
1404 2304 1524 2379 queste
1534 2311 1599 2358 cose
1677 2351 1678 2382 3

380 2409 404 2475 li
423 2409 535 2477 scride
550 2408 573 2473 il
597 2411 637 2474 P.
665 2407 840 2474 Euerardo
863 2405 888 2488 ¹,
914 2428 1012 2474 come
1035 2427 1098 2474 suo
1116 2405 1292 2474 familiare.
1318 2409 1354 2475 lo
1378 2408 1559 2476 solamente
1578 2404 1597 2470 li
1677 2393 1678 2412 .

381 2523 495 2591 scriuo
512 2545 580 2590 una
597 2522 792 2590 amoreuole
818 2521 984 2608 negatiua
999 2521 1056 2588 del
1071 2521 1230 2608 collegi0,
1248 2544 1310 2608 per
1326 2544 1394 2591 non
1412 2524 1530 2592 alterat
1544 2541 1596 2586 no

380 2650 453 2706 stro
469 2639 641 2718 instituto,
660 2647 789 2723 quanto
806 2637 837 2703 al
853 2657 1024 2723 ensegnar
1044 2637 1153 2723 gratis
1176 2648 1241 2705 etc.
1269 2639 1295 2704 ll
1307 2660 1376 2706 non
1399 2659 1494 2706 esser
1515 2647 1594 2704 tanto

379 2752 530 2840 compita
545 2754 578 2819 la
593 2751 779 2833 dotatione,
798 2751 827 2818 si
842 2762 968 2839 poteua
993 2752 1119 2840 meglio
1141 2745 1201 2840 per
1224 2753 1248 2820 li
1269 2752 1429 2840 principij
1454 2755 1590 2832 tolerare,

379 2889 447 2936 eon
471 2889 646 2954 speranza,
662 2868 796 2934 benche
812 2888 882 2932 non
897 2887 1083 2952 promessa,
1101 2867 1145 2935 de
1165 2879 1365 2954 augment03
1383 2881 1421 2939 et
1436 2869 1471 2936 di
1489 2877 1591 2953 questa
1676 2941 1677 2964 χ

377 2983 521 3050 materia
537 3005 597 3068 per
613 2982 734 3047 adesso
751 3003 819 3048 non
836 2981 910 3048 dird
926 2982 1024 3047 altro.
1486 3041 1489 3051 ,

443 3117 477 3182 4.
526 3098 592 3165 Del
609 3107 706 3164 tener
722 3096 746 3162 li
766 3095 874 3163 nostri
894 3097 917 3160 l'
941 3095 1061 3163 ultima
1082 3098 1199 3163 schola
1219 3097 1255 3164 di
1274 3097 1364 3185 putti
1383 3098 1419 3166 in
1441 3096 1554 3167 Tomai
1568 3095 1587 3175 ⁵,

375 3235 414 3280 se
428 3215 458 3281 si
474 3214 670 3282 intendesse
682 3214 748 3281 che
763 3211 1002 3297 insegnassino
1014 3213 1047 3280 la
1057 3212 1209 3281 dottrina
1220 3213 1371 3300 xpiane„
1385 3226 1423 3282 et
1434 3237 1493 3302 per
1503 3211 1587 3279 modo

374 3329 418 3396 de
434 3329 574 3396 mission
591 3349 693 3396 senza
714 3328 802 3394 altro
826 3326 954 3412 obligo,
981 3326 1010 3392 si
1022 3327 1188 3413 potrebbe
1201 3329 1285 3411 fare3
1300 3340 1399 3399 tener
1417 3332 1519 3398 classe
1530 3327 1587 3392 for-

376 3455 471 3512 mata
498 3443 577 3512 delli
605 3441 713 3508 infimi
739 3464 800 3528 per
827 3441 1014 3528 insegnarli
1036 3441 1060 3508 li
1077 3442 1273 3525 rudimenti,
1298 3465 1320 3510 o
1342 3448 1453 3514 anche
1473 3445 1504 3511 la
1523 3441 1585 3507 dot·
1675 3471 1676 3504 t

380 3559 469 3626 trina
486 3558 620 3645 xpiana.
639 3579 699 3644 per
716 3556 844 3642 obligo,
863 3578 931 3622 non
948 3577 1028 3642 pare
1049 3559 1192 3625 sarebbe
1212 3579 1316 3626 senza
1327 3557 1583 3628 inconueniente.

442 3689 474 3757 5.
524 3671 640 3740 Prima
655 3672 690 3738 di
707 3680 829 3756 questa
844 3691 965 3756 espero
982 3692 1129 3738 saranno
1141 3673 1173 3738 la
1186 3673 1209 3737 li
1221 3673 1277 3741 doi
1291 3673 1393 3740 Padri
1403 3677 1546 3742 ⁸Acosta
1556 3677 1583 3734 et

373 3788 517 3869 Xauier;
539 3799 573 3856 et
590 3788 661 3853 cosi
678 3808 748 3854 non
764 3786 908 3854 acadera
924 3796 1046 3852 trattar
1060 3787 1115 3855 del
1133 3789 1173 3853 P.
1192 3787 1330 3866 Ramiro
1341 3789 1366 3854 ⁴.
1392 3791 1443 3858 Le
1457 3804 1582 3870 occupa-

425 3967 442 4000 ι
470 3956 536 4009 Hoc
551 3957 634 4010 verb.
649 3952 762 4009 addidit
774 3952 841 4008 libr.
858 3968 946 4024 supra
960 3969 1040 4007 vers.

379 4053 419 4061 ...-

425 4087 432 4118 ¹
473 4087 585 4141 «Duaci
607 4086 742 4156 Collegio
764 4084 881 4140 initium
902 4083 1013 4140 tactum
1036 4085 1124 4156 [anno
1148 4084 1240 4157 15681.
1263 4087 1393 4157 Joannes
1410 4085 1580 4144 Lennitlerus

369 4177 474 4246 abbas,
489 4183 520 4231 et
533 4175 708 4232 Conventus
721 4174 817 4230 sancti
830 4173 993 4229 Saluatoris
1007 4173 1246 4247 Aquicinetinus,
1263 4159 1385 4233 Ordinis
1402 4175 1492 4233 sancti
1506 4173 1580 4227 aene

368 4263 848 4330 dictiinstituit...·›Saccn1uos,
864 4263 920 4316 loc.
935 4259 999 4332 cit,
1013 4259 1065 4316 lib.
1080 4260 1134 4331 IV,
1148 4281 1182 4318 n.
1199 4276 1264 4332 204.

422 4361 433 4389 ³¹
472 4354 685 4420 Mercurianus,
699 4351 841 4406 assistens
854 4350 1044 4417 Germaniae,
1057 4358 1088 4405 et
1100 4351 1171 4407 dein
1183 4360 1305 4426 quartus
1316 4353 1470 4410 Societatis
1479 4359 1577 4424 praep(t

367 4443 444 4499 situs
458 4443 618 4515 generalis.

421 4532 433 4564 ⁸
470 4531 548 4587 Vide
561 4531 649 4603 epist.
664 4529 729 4600 489,
744 4547 775 4585 n.
789 4542 816 4584 2.

419 4623 432 4655 ⁴
469 4620 546 4677 Vide
559 4619 647 4692 epist.
662 4631 727 4688 5003
742 4630 806 4688 502,
820 4634 849 4672 n.
867 4631 892 4686 13
907 4629 972 4687 505;
986 4625 1017 4673 et
1030 4617 1094 4689 508,
1108 4635 1137 4673 n.
1157 4631 1181 4673 t.
