3322 5376
799 531 903 586 Eersr.
924 527 957 584 P.
978 520 1181 599 Nunti-483

765 722 1034 796 “18³

701 860 741 925 Ρ.
768 857 1078 926 HIERONYMUS
1105 857 1270 924 NADAL

622 970 804 1031 stucro
834 969 1096 1030 rstuctsco
1122 971 1179 1026 us
1204 968 1347 1043 BORJA

679 1091 736 1134 sn
748 1090 898 1136 siucwu
910 1090 1021 1148 vrruu,
1037 1089 1155 1150 1011th
1170 1077 1237 1146 1567
1252 1077 1275 1132 ¹.

368 1207 396 1250 1.
423 1195 530 1250 Simon
554 1195 668 1267 anglus
689 1211 704 1250 e
731 1194 876 1250 Societute
901 1193 1183 1250 dimittendus-2.
1214 1193 1420 1265 Explicantur
1445 1183 1592 1264 quiedam

407 1284 499 1340 verba
510 1283 653 1356 epistolae
674 1281 796 1338 Natalis
816 1283 853 1338 de
869 1283 957 1338 sociis
972 1282 1169 1355 Antvorpr'ae:
1188 1282 1263 1353 quid
1279 1282 1312 1336 in
1330 1279 1391 1338 itta
1407 1281 1524 1336 cirtae
1542 1280 1592 1335 So·

404 1373 497 1428 cirtae
509 1387 601 1444 agere
613 1371 715 1427 debeat
728 1372 910 1445 attingitur.

441 1507 470 1556 1.
515 1489 614 1576 Jbus.
634 1489 742 1556 Molto
759 1490 801 1555 R.
821 1490 861 1555 P.
880 1488 924 1555 N.
940 1487 976 1555 in
989 1486 1137 1556 Christo.
1154 1490 1227 1555 Pax
1242 1485 1383 1570 Christi,
1397 1498 1465 1556 etc.
1479 1488 1524 1556 So
1537 1485 1592 1552 nel

370 1625 489 1673 mezzo
504 1603 637 1671 camino
653 1625 711 1689 per
729 1603 869 1686 Leodio,
887 1613 923 1671 et
937 1603 984 1669 mi
995 1623 1060 1672 son
1074 1601 1244 1670 ricordato
1259 1601 1294 1669 di
1309 1603 1378 1671 due
1396 1625 1419 1670 o
1436 1613 1485 1671 tre
1499 1623 1588 1681 cose,

369 1717 462 1804 quali
476 1739 548 1786 non
564 1717 680 1806 voglio
695 1718 836 1788 lasciare
851 1717 886 1785 di
901 1717 1050 1787 scriuere
1065 1719 1131 1786 alla
1148 1721 1189 1786 Ρ.
1208 1719 1251 1786 V.
1270 1719 1297 1785 Π
1314 1721 1354 1786 Ρ.
1369 1719 1512 1786 Costero
1527 1717 1539 1750 ’
1557 1727 1590 1783 et

371 1833 394 1899 il
411 1835 453 1902 P.
476 1832 632 1902 Giacobo
661 1833 822 1921 Scipman
839 1836 850 1868 ³
873 1839 919 1900 m'
942 1837 1056 1902 hanno
1076 1837 1161 1902 satta
1188 1835 1311 1922 grand'
1327 1833 1487 1902 instantia
1500 1829 1587 1918 dipoi

371 1947 427 2016 ch'
441 1947 475 2015 io
489 1969 602 2016 venne
616 1971 636 2014 a
652 1947 807 2031 Colonia,
824 1952 888 2017 che
902 1959 1084 2036 puotesero
1095 1951 1200 2019 esser’
1214 1948 1312 2018 liberi
1324 1959 1358 2018 et
1374 1949 1522 2016 mandar’
1533 1947 1587 2012 via

373 2064 462 2131 dalla
477 2061 690 2151 Compagnia
704 2064 729 2129 il
745 2066 785 2131 P.
811 2063 962 2146 Simone,
981 2065 1132 2151 anglese,
1151 2064 1345 2133 dicendomi
1365 2085 1468 2133 cause
1487 2063 1586 2129 molto

372 2178 555 2246 sufficienti
573 2183 601 2244 ².
617 2181 653 2246 10
670 2179 719 2265 gli
734 2178 832 2246 scrisi
846 2179 966 2266 prima,
985 2179 1073 2266 quod
1087 2181 1119 2246 si
1133 2185 1218 2246 esset
1228 2181 1421 2266 periurium
1438 2181 1475 2245 in
1493 2197 1586 2244 meru

372 2294 407 2360 lo
421 2295 623 2363 mandasero
639 2293 693 2360 via
709 2315 774 2361 con
792 2294 824 2360 la
839 2294 950 2381 gratia
965 2294 999 2361 di
1015 2294 1164 2362 Christe.
1185 2293 1286 2382 Dipoi
1302 2294 1349 2360 mi
1368 2293 1508 2363 scrisero
1526 2293 1586 2360 che

371 2409 522 2476 uuoleua
536 2408 684 2476 andar'a
701 2411 819 2477 Roma.
838 2411 874 2476 Io
889 2409 1020 2496 rispose
1033 2412 1098 2478 che
1113 2431 1181 2477 non
1198 2411 1231 2477 lo
1248 2411 1461 2494 mandasero,
1473 2431 1508 2477 se
1521 2427 1585 2474 non

370 2521 606 2610 sciogliendoli
621 2524 669 2611 gli
686 2524 757 2591 voti
772 2534 809 2592 et
826 2525 1053 2592 mandandolo
1067 2525 1123 2592 via
1138 2526 1228 2592 dalla
1248 2525 1461 2612 Compagnia
1475 2523 1583 2611 prima,

369 2648 405 2705 et
419 2637 492 2705 cosi
508 2639 531 2704 l'
550 2641 665 2707 hanno
680 2638 855 2720 mandato,
869 2641 972 2710 credo
989 2663 1009 2708 a
1024 2639 1197 2728 proposito
1213 2640 1354 2709 distare
1376 2638 1454 2706 nell'
1471 2641 1584 2724 hospe-

369 2753 446 2822 dale
461 2753 496 2820 d'
511 2753 655 2840 anglesi.
686 2755 820 2840 Questo
836 2755 914 2822 dico
937 2756 1032 2824 accii)
1048 2757 1098 2823 sia
1112 2767 1206 2823 certa
1222 2758 1254 2823 la
1278 2757 1319 2822 P.
1341 2757 1386 2823 V.
1409 2757 1473 2826 che
1487 2775 1582 2842 guar-

371 2869 455 2936 dari)
470 2889 535 2935 con
550 2870 583 2938 la
598 2869 708 2957 gratia
724 2870 780 2939 del
800 2870 948 2958 Signore
967 2873 1082 2958 quello
1108 2874 1173 2940 che
1197 2875 1240 2938 m’
1265 2872 1311 2938 ha
1331 2871 1485 2962 ordinato
1503 2868 1582 2936 nelle

371 3003 434 3050 sue
449 2982 578 3064 vltime,
596 2985 660 3051 che
676 3005 746 3051 non
762 2985 877 3052 mandi
896 2985 1021 3052 nisuno
1036 3007 1057 3054 a
1073 2988 1195 3068 Roma,
1214 3007 1316 3053 senza
1331 2987 1395 3052 che
1410 2985 1514 3074 prima
1528 2983 1582 3050 ad-

371 3097 535 3166 uertischi
550 3099 638 3166 delle
654 3097 742 3186 parti
757 3119 832 3182 sue3
849 3101 981 3169 bench&
997 3101 1138 3169 intendo
1153 3103 1218 3168 che
1229 3121 1299 3167 non
1310 3099 1356 3166 mi
1367 3099 1582 3168 leuatlatac-

370 3213 460 3280 colti
471 3213 507 3280 di
518 3213 626 3300 poter'
638 3215 812 3296 mandare,
826 3214 854 3282 s'
866 3215 1034 3298 accadesi‚
1046 3213 1180 3302 qualch’
1194 3235 1263 3282 uno
1274 3215 1309 3283 in
1323 3212 1582 3303 peregrinatione

370 3330 525 3412 aRoma‚
539 3351 599 3416 per
612 3329 788 3398 ritornare.
801 3333 879 3398 Non
892 3331 1055 3400 mandari)
1067 3338 1181 3398 tamen
1193 3330 1328 3411 nisuno,
1342 3331 1385 3398 nt
1396 3331 1431 3397 in
1443 3327 1580 3418 peregri·
1649 3389 1650 3432 ἢ

373 3443 524 3525 natione,
542 3443 601 3511 fin'
618 3467 637 3511 a
653 3443 770 3512 hauer’
788 3445 932 3532 risposta
946 3447 1035 3514 della
1057 3449 1098 3514 P.
1116 3447 1159 3514 V.

436 3577 469 3626 2.
516 3558 630 3627 Credo
645 3562 710 3628 che
726 3561 816 3628 nelle
831 3559 1020 3647 penultime
1032 3560 1110 3645 mie,
1124 3564 1189 3629 che
1200 3565 1246 3628 ho
1259 3560 1377 3630 scritte
1391 3561 1436 3628 da
1448 3555 1579 3634 Treuiri,

370 3673 493 3742 diceuo
507 3673 542 3740 di
558 3676 636 3760 quel
653 3675 729 3743 loco
741 3674 820 3744 delli
836 3675 944 3742 nostri
959 3674 992 3742 d’
1013 3678 1184 3757 Anuersa,
1208 3679 1272 3746 che
1287 3697 1414 3763 pareua
1440 3675 1537 3744 esser'
1552 3669 1579 3735 la

371 3809 451 3856 cosa
466 3809 654 3876 emungere
669 3795 875 3856 mercatores
890 3797 1037 3878 argento
1053 3792 1078 3874 ⁴,
1096 3812 1118 3857 o
1134 3813 1202 3858 non
1221 3813 1259 3858 so
1280 3811 1378 3858 come
1398 3787 1443 3856 mi
1458 3787 1577 3855 diceuo.

372 3902 474 3990 Dipoi
487 3903 534 3970 mi
549 3903 567 3971 ὲ
583 3925 725 3972 occorso
740 3905 891 3975 scriuere
906 3905 972 3974 alla
987 3907 1029 3972 P.
1043 3907 1088 3973 V.
1107 3909 1160 3974 ch’
1178 3906 1212 3972 in
1229 3906 1354 3993 quello,
1371 3910 1489 3971 notare
1501 3899 1580 3968 volui

371 4039 457 4100 rem,
474 4041 543 4086 non
553 4027 724 4106 personas
740 4027 887 4101 nostras,
904 4022 959 4087 uel
969 4023 1188 4108 praeteritas,
1209 4023 1263 4087 uel
1276 4023 1428 4112 suturas
1442 4023 1578 4088 Anturr-

1648 4139 1649 4176 i

422 4232 438 4265 Ι
467 4222 608 4296 Sequitur
622 4223 649 4280 le
663 4223 923 4281 obliteratum.-b
933 4224 1130 4282 Emendntum
1143 4242 1160 4281 a
1172 4225 1239 4282 libr.
1254 4241 1291 4281 ex
1304 4241 1365 4280 nen
1377 4225 1495 4280 iuuare
1506 4219 1538 4293 (i)
1648 4183 1649 4220 ¹

372 4329 585 4340 —-.-

421 4374 429 4406 ¹
466 4375 510 4429 Ex
533 4375 706 4448 archetypo,
726 4393 743 4431 e
766 4375 901 4449 Jimenez
923 4385 1055 4447 exarato,
1078 4383 1109 4432 et
1131 4375 1245 4433 Natalis
1267 4392 1355 4432 manu
1371 4368 1579 4446 subscript011⁰

369 4461 470 4535 Epist.
482 4463 599 4534 Natat„
610 4465 650 4536 11,
664 4464 774 4538 duplici
786 4463 856 4535 fol„
873 4465 923 4521 186
936 4468 1001 4537 (114
1013 4468 1061 4522 vel
1082 4470 1153 4536 174).

419 4555 431 4587 ¹
471 4551 646 4610 Franciscus
659 4553 811 4622 Costerus,
826 4555 1014 4627 provincialis
1027 4553 1173 4611 inferioris
1187 4553 1377 4612 Germaniae.

421 4639 434 4673 ⁸
471 4641 601 4712 Jacobus
615 4641 784 4716 Schipman,
798 4653 894 4700 rector
906 4645 1024 4717 collegii
1036 4643 1231 4701 lovaniensis.

422 4731 436 4763 ⁴
474 4728 552 4785 Vide
565 4731 656 4804 epist.
673 4731 739 4805 480,
752 4751 785 4789 u.
803 4746 832 4788 2.
