3318 5376
494 455 512 510 6
532 455 720 512 Novsunrus
741 453 811 522 1566
1179 457 1231 529 287

77 607 171 674 alcuna
180 627 253 674 cura
264 606 298 672 di
311 627 389 675 esse
404 617 433 688 ⁸,
449 628 470 673 o
483 627 580 676 corne
593 606 638 672 mi
651 609 696 672 ho
709 608 753 673 da
764 617 880 692 portar
891 629 956 674 con
970 608 1056 689 loro,
1072 619 1106 678 et
1119 610 1192 676 loro
1205 633 1270 678 con

81 745 128 790 ne.
142 723 206 788 Non
222 722 337 808 uoglio
353 721 427 789 dire
443 722 478 787 in
495 732 617 808 questo
632 723 665 788 la
682 721 913 800 inclinatione,
932 723 1092 791 accioehd
1108 725 1140 792 la
1162 728 1202 792 P.
1223 729 1265 794 V.

79 835 114 902 sia
125 837 172 922 piu
185 837 282 905 libera
297 837 332 902 in
347 837 507 904 ordinare
523 837 638 922 quello
659 839 723 904 che
744 838 776 905 le
796 841 928 923 pareri,
951 851 1114 924 supposta
1134 862 1267 927 sempre

82 971 126 1016 oon
136 953 161 1017 la
171 949 270 1038 gratia
281 953 337 1018 del
349 952 500 1040 Signore
513 954 535 1017 l'
550 950 770 1020 indifferenza
782 951 861 1017 mia.
875 953 953 1020 Non
966 955 1050 1020 altro
1061 977 1121 1040 per
1130 966 1262 1040 questa.

83 1067 230 1154 lSignore
244 1067 294 1134 sia
308 1088 376 1133 con
392 1068 463 1133 noi.
491 1067 566 1134 Ora
578 1075 644 1154 pro
664 1066 769 1146 nobis,
786 1068 907 1132 Pater.
925 1067 970 1134 Di
993 1069 1186 1150 Monaehi0‚
1209 1071 1266 1137 alli

82 1184 146 1268 zqdi
161 1183 296 1251 Ottobre
319 1184 415 1266 1566.
435 1185 488 1251 De
504 1184 547 1249 V.
568 1184 605 1248 P.
624 1203 725 1250 seruo
741 1204 785 1249 en
801 1183 879 1262 X.⁰,

853 1305 1038 1482 †Nrprr.
1066 1307 1089 1394 †

126 1528 157 1593 Di
175 1531 247 1613 qual
268 1527 450 1615 prouincia
471 1527 596 1593 habbia
623 1527 667 1592 da
695 1547 808 1593 essere
825 1527 848 1592 il
876 1527 1020 1614 collegio
1036 1528 1069 1593 di
1086 1529 1197 1616 Spira,¹
1215 1531 1268 1598 in-

81 1643 152 1708 tendo
164 1645 226 1730 gii,
247 1646 370 1722 Padre‚
389 1646 444 1709 ch'
464 1644 483 1710 ὁ
503 1643 538 1709 (11
554 1643 666 1727 quella
688 1640 743 1708 del
759 1643 893 1710 Rheno.
917 1642 961 1708 Di
981 1645 1094 1727 quello
1114 1646 1148 1710 d’
1167 1647 1261 1712 Erbi·

81 1756 125 1839 poli
137 1760 171 1823 ho
184 1759 336 1827 dubitato
353 1759 388 1846 (il
404 1759 505 1843 quale
520 1779 588 1824 non
609 1756 638 1822 si
655 1758 724 1842 pub
740 1756 861 1823 laseiar
882 1757 916 1823 di
937 1757 1092 1844 pigliare,
1117 1759 1266 1846 piglian-

81 1871 131 1936 dosi
143 1876 242 1958 quello
257 1875 291 1940 di
308 1874 419 1962 Spira,
438 1885 473 1941 et
489 1896 549 1961 per
561 1874 647 1940 altre
660 1873 762 1940 molte
775 1894 889 1953 cause,
904 1882 938 1938 et
951 1872 1192 1959 specialmente
1205 1898 1265 1961 per

83 1985 261 2070 lapromessa
275 1991 365 2055 della
387 1993 425 2056 P.
445 1991 502 2073 V.)
524 1989 648 2074 perche
665 1987 710 2052 mi
731 1986 854 2052 dieono
874 1991 938 2054 che
958 1999 1010 2054 sta
1031 1989 1182 2076 Erbipoli
1198 1992 1265 2060 due

83 2099 199 2184 giornate
218 2106 260 2171 da
284 2105 395 2190 Spira,
418 2105 487 2170 due
502 2103 659 2190 giornate
682 2103 771 2168 dalla
792 2102 974 2170 residentia
995 2103 1166 2172 ordinaria
1186 2107 1264 2173 dell'

83 2216 262 2285 arciuescouo
277 2219 312 2286 di
325 2218 517 2306 Magnana,
533 2229 567 2286 et
579 2217 681 2284 etiarn
695 2239 755 2302 per
771 2217 927 2303 isgrauar
939 2231 1060 2304 questa
1077 2221 1264 2305 prouincia,

84 2329 177 2399 berche
193 2336 270 2402 nell'
294 2335 382 2400 altra
402 2355 487 2400 sono
510 2331 605 2399 molti
627 2334 692 2399 che
713 2353 782 2397 non
806 2336 920 2399 hanno
941 2335 974 2401 la
996 2356 1075 2401 uera
1104 2334 1267 2422 linguana

84 2448 244 2528 germanica,
264 2451 309 2515 m’
328 2447 455 2515 inclino
471 2447 529 2534 piir
546 2449 609 2513 che
627 2445 778 2533 Erbipoli
794 2445 843 2514 sia
859 2448 894 2513 di
909 2460 1039 2533 questa.

129 2563 288 2650 Inscriptio
315 2566 355 2629 in
376 2569 501 2649 quarta
522 2548 672 2648 pagina:
692 2560 828 2649 †Jhus.
852 2563 898 2630 Al
918 2563 1022 2630 molto
1044 2566 1130 2632 Rdo.
1149 2577 1265 2633 nostro

87 2673 162 2744 Palre
171 2677 200 2743 in
211 2682 315 2766 Xpo,
329 2679 353 2744 il
368 2682 409 2746 P.
430 2681 620 2745 Francesco
631 2677 674 2742 de
684 2677 810 2764 Borgia
822 2677 992 2764 preposito
1005 2683 1165 2766 generale
1177 2683 1266 2750 della

87 2787 254 2879 Conpagnia
270 2795 305 2860 di
321 2795 406 2883 Jesir
422 2805 503 2871 eto,
526 2793 560 2858 in
582 2774 701 2858 Roina.
725 2793 807 2858 Alia
828 2815 947 2860 manu:
970 2795 1010 2862 C.
1035 2796 1130 2878 1566.
1148 2799 1268 2864 Mona-

87 2905 147 2972 rhio.
164 2913 196 2976 P.
212 2914 345 2980 Natale.
365 2929 409 2998 29
425 2909 458 2976 di
476 2910 634 2976 Ottobre.
653 2911 752 2975 Alio:
767 2930 813 2973 m.
832 2931 863 2976 e.
890 2911 1077 2998 Vestigium
1094 2917 1216 3001 sigilli.

614 3075 700 3136 duo

375 3206 415 3271 P.
443 3203 752 3271 HIERONYMUS
777 3203 941 3270 NADAL

289 3317 475 3376 SANCTO
503 3313 769 3374 FRANCISCO
798 3317 854 3372 DE
883 3315 1026 3390 BORJA

379 3427 563 3479 nuousran,
583 3419 601 3466 6
620 3426 799 3469 uoveuurns
821 3415 889 3483 1566
911 3419 929 3471 ¹.

89 3518 106 3568 1,
115 3522 135 3562 1.
146 3513 177 3566 P.
192 3515 392 3586 Murqussium
406 3531 466 3567 nou
480 3513 549 3567 bene
562 3513 711 3566 ualentem
725 3513 853 3566 Romam
867 3513 973 3584 mittit,
986 3518 1014 3568 et
1031 3533 1099 3569 cum
1116 3533 1149 3570 eo
1171 3518 1242 3572 adol
1260 3547 1270 3558 -

473 3605 600 3656 suentem
613 3605 836 3675 augustanum.

141 3733 163 3782 1.
203 3718 322 3806 †Muy
346 3721 431 3786 Rd0.
459 3729 599 3786 nuestro
628 3719 738 3786 Padre
766 3741 808 3786 en
841 3721 906 3786 X.⁰
934 3722 1008 3787 Pax
1036 3720 1092 3788 Xi.
1124 3723 1204 3788 Esta
1231 3745 1268 3790 es

93 3847 135 3909 por
144 3845 343 3920 accompahar
356 3837 386 3902 el
401 3839 503 3902 Mtro.
520 3837 681 3919 Marquez
694 3835 720 3915 ¹,
732 3835 763 3899 el
776 3835 856 3918 qual
868 3857 912 3901 no
925 3835 1133 3903 hauiendose
1145 3838 1187 3902 de
1200 3839 1269 3906 leer

92 3938 145 4008 sino
158 3963 173 4010 2
186 3947 314 4016 liciones
329 3951 373 4018 de
389 3934 601 4034 philosophia
617 3969 660 4013 en
676 3949 863 4034 lngolstad‚
882 3971 980 4016 como
997 3957 1076 4016 vera
1093 3954 1136 4019 V.
1154 3955 1192 4018 P.
1208 3974 1270 4038 por

92 4067 154 4140 utra,
169 4085 186 4146 y
200 4067 355 4148 sperando
371 4068 435 4131 che
451 4063 616 4130 satishara
632 4063 664 4128 el
685 4066 785 4130 Mtro.
805 4065 906 4130 Carlo
923 4067 934 4098 ³
951 4072 971 4130 a
987 4068 1018 4132 la
1034 4089 1112 4148 vna,
1131 4090 1153 4152 y
1169 4067 1201 4134 ia
1219 4070 1271 4138 lee

93 4175 262 4196 ‘'Q—-

129 4244 141 4276 Ι
165 4237 337 4296 Emendaturn
349 4257 366 4296 a
379 4241 450 4296 libr.
468 4257 505 4294 ex
517 4245 631 4311 queste.

95 4333 251 4354 κψ..-

133 4387 139 4417 ¹
169 4387 205 4441 Ex
220 4393 402 4464 autographo,
417 4392 447 4446 in
465 4392 567 4464 Epist.
588 4391 712 4458 Natat„
731 4393 770 4462 11,
785 4393 894 4466 duplici
911 4394 981 4466 iol„
1003 4407 1052 4464 157
1066 4396 1156 4468 (104).
1174 4399 1208 4452 In
1221 4399 1275 4454 hac

95 4468 235 4540 010011,οῑ
247 4477 275 4532 in
287 4479 357 4544 aliis,
372 4481 511 4536 scribitur
523 4479 688 4552 promiscue
701 4481 750 4536 che
764 4480 871 4546 italice,
886 4489 917 4537 et
928 4501 984 4554 que
998 4483 1157 4556 hispanice.

133 4563 142 4593 ¹
172 4561 236 4620 Vide
248 4567 331 4639 epist.
348 4567 411 4642 378,
427 4581 496 4624 n.2v

136 4649 145 4680 ³
173 4651 280 4710 Carolus
291 4657 412 4714 Ursinus
426 4656 559 4732 (Orsini).
574 4659 649 4714 Vide
663 4659 750 4731 epist.
764 4672 827 4732 427,
842 4679 871 4718 n.
891 4675 918 4731 23
932 4671 962 4718 et
975 4675 1038 4734 447,
1053 4682 1083 4720 n.
1097 4680 1126 4733 4.
