3494 5392
605 526 623 584 7
642 514 817 570 Faenum
837 513 906 584 1566
1317 531 1335 588 9

160 679 314 739 mostrano
328 668 423 735 buon
441 666 570 734 talento
590 689 651 754 per
671 667 793 734 oleum
813 665 896 736 delle
911 675 929 710 ⁸
949 689 1030 738 cose
1051 669 1163 750 dette,
1187 679 1222 738 et
1242 680 1371 755 quanto

162 785 213 874 pii
225 781 363 872 prouetti
375 781 467 852 nelle
477 783 612 864 lettere,
628 792 724 850 tanto
739 782 878 871 meglio.
895 783 1114 854 Potrebbono
1131 787 1240 853 anche
1255 785 1369 853 alcuni

164 899 265 970 noritii
278 898 447 967 mandarsi
461 919 546 986 qua,
563 920 583 966 o
605 899 708 986 quelli
730 897 790 966 che
805 900 966 987 uogliono
988 900 1135 982 intrare,
1151 920 1188 967 se
1204 901 1236 967 la
1251 900 1366 970 indole

164 1018 225 1084 loro
237 1017 268 1082 lo
280 1012 461 1082 meritassi.

221 1131 265 1199 16.
309 1129 407 1199 Veda
422 1127 526 1216 quelli
541 1127 645 1198 cheli
661 1149 852 1215 pareranno
865 1127 978 1197 idonei
990 1150 1050 1216 per
1061 1130 1095 1197 la
1109 1130 1320 1217 professione
1332 1132 1368 1198 di

163 1245 262 1329 4uoti,
278 1245 356 1312 ode
373 1255 438 1327 tre,
456 1265 477 1312 o
493 1265 555 1331 per
571 1243 788 1331 coadgiutori
803 1243 970 1330 spirituali
984 1265 1007 1311 o
1023 1244 1199 1332 temporali
1216 1245 1363 1328 formati,

161 1373 188 1428 et
198 1361 246 1428 dia
259 1360 351 1428 auiso
366 1359 403 1426 di
419 1358 524 1447 quelli
534 1360 600 1426 che
612 1358 635 1425 li
648 1358 774 1446 paiono
785 1357 848 1426 atti
859 1381 921 1448 per
932 1360 965 1428 la
975 1359 1197 1447 professione3
1216 1371 1252 1427 et
1263 1364 1364 1447 potr&

160 1486 305 1544 κατίετο
320 1474 344 1541 li
359 1473 578 1562 coadgiutori
594 1473 691 1543 detti.

213 1608 258 1674 17.
303 1588 342 1659 si
361 1590 498 1659 rimette
520 1588 726 1656 similmente
751 1590 784 1656 al
810 1611 874 1658 suo
901 1588 1048 1676 giuditio
1075 1589 1168 1676 quali
1194 1590 1364 1659 debbiano

157 1706 344 1796 promouersi
361 1706 394 1772 al
409 1703 608 1802 magisterio
623 1726 644 1772 0
665 1705 837 1772 dottorato
857 1704 893 1772 in
913 1706 1007 1773 dette
1027 1705 1215 1792 prouintie,
1233 1717 1269 1775 et
1284 1728 1363 1794 spe-

157 1821 315 1890 cialmente
330 1821 420 1888 ueda
440 1820 521 1889 delii
541 1819 643 1888 Padri
665 1818 781 1890 Pietro
801 1821 972 1908 Hungaro
991 1823 1013 1904 ¹,
1031 1830 1066 1890 et
1081 1822 1215 1910 Gaspar
1230 1823 1334 1910 anglo
1351 1823 1363 1856 ¹

157 1935 337 2024 inDiiinga‚
355 1957 394 2004 se
408 1934 579 2004 conuiene
593 1935 680 2002 darii
695 1946 817 2023 questo
837 1938 957 2023 grado.

210 2053 257 2120 18.
304 2051 403 2121 Veda
417 2051 441 2118 il
457 2049 645 2118 medesimo
664 2071 685 2118 a
700 2050 757 2118 chi
772 2052 796 2119 li
815 2051 942 2139 peresi
962 2051 1087 2121 debbia
1106 2051 1296 2122 concedere
1312 2053 1363 2120 sa·

153 2167 224 2234 ooltr't
237 2166 271 2234 di
285 2168 410 2254 legger
424 2165 502 2234 libri
518 2165 673 2250 heretici,
690 2177 726 2236 et
741 2167 775 2233 di
791 2168 964 2236 assoluere
978 2167 1014 2234 di
1030 2165 1100 2234 casi
1114 2167 1151 2234 di
1165 2165 1310 2249 heresia,
1328 2177 1364 2235 et

150 2281 235 2349 laclia
247 2304 269 2350 a
282 2280 388 2368 quelli
404 2285 470 2352 che
484 2280 509 2348 li
524 2285 647 2369 parere
665 2291 764 2369 poter
779 2294 814 2352 et
829 2283 972 2352 douerla
994 2284 1077 2352 dare
1091 2305 1099 2366 ;
1117 2293 1153 2352 et
1172 2283 1266 2370 degl’
1283 2282 1360 2350 altri

146 2397 273 2480 ciauisi,
288 2407 493 2486 presuposto
508 2400 573 2466 che
589 2419 626 2464 se
646 2397 670 2464 li
689 2398 734 2464 da
758 2397 794 2464 in
814 2409 936 2483 questa
956 2409 1055 2486 parte
1074 2399 1095 2465 l’
1112 2398 1280 2467 auctorita
1295 2401 1360 2466 che

147 2533 179 2581 se
190 2512 211 2578 li
224 2515 291 2600 puri
307 2513 404 2580 dare.
1083 2511 1085 2518 ’

204 2647 249 2717 19.
298 2629 398 2696 Veda
412 2629 449 2694 d'
465 2625 828 2716 aiutar.1iprouintiali
852 2628 933 2697 nelli
948 2628 1066 2696 dubbii
1079 2632 1143 2697 che
1163 2631 1360 2699 haueranno

143 2743 264 2812 circata
279 2742 461 2831 prouision
476 2742 512 2810 di
528 2743 632 2829 quelli
648 2745 713 2811 che
729 2746 844 2811 hanno
859 2766 881 2811 a
897 2765 1088 2832 gouernare
1103 2756 1139 2811 et
1154 2746 1309 2832 leggere,
1326 2755 1361 2811 et

142 2859 370 2944 spechlmente
385 2860 476 2928 della
491 2859 680 2928 mutatione
695 2860 730 2927 di
750 2859 919 2948 soggetti,
938 2881 1035 2930 come
1050 2861 1195 2930 sarebbe
1211 2860 1267 2926 del
1281 2860 1362 2926 dot-

144 2985 188 3040 tor
200 2975 346 3043 Torres⁸
363 2975 400 3041 in
416 2975 604 3061 Hispruch,
622 2996 719 3044 come
739 2977 774 3043 lo
794 2986 892 3043 tocca
907 2974 932 3041 ii
951 2974 1253 3062 viceprouinciale;
1272 2985 1307 3042 et
1323 2996 1361 3044 se

141 3087 249 3158 ilii.ro
270 3089 455 3157 Dominico
475 3089 668 3177 Manginob
685 3091 716 3158 si
735 3091 859 3160 debbia
882 3092 1023 3158 mandar
1038 3090 1073 3156 in
1089 3091 1246 3175 Francia,
1263 3111 1360 3158 corne

143 3203 243 3273 alcuni
269 3204 463 3288 ricercano,
492 3227 513 3273 o
539 3206 625 3273 farlo
652 3216 759 3276 rettor
786 3206 823 3273 di
849 3206 1045 3287 Monachio,
1073 3227 1171 3274 come
1197 3205 1222 3272 il
1247 3206 1362 3273 dottor

146 3319 266 3388 Paulo*
283 3321 318 3388 lo
333 3321 516 3388 domanda.
535 3321 690 3409 Dispona
704 3323 815 3390 anche
829 3322 886 3389 del
902 3322 942 3389 Ρ.
965 3320 1093 3405 Dirsio‚
1111 3331 1146 3389 et
1161 3321 1241 3390 delli
1258 3319 1362 3389 Padri

141 3434 275 3502 Martino
289 3434 519 3503 Sieuordiano
538 3446 574 3503 et
594 3437 767 3520 Conrado,
789 3458 890 3504 come
910 3437 934 3503 li
953 3440 1073 3524 pareri
1092 3435 1305 3523 espediente,
1324 3447 1360 3504 et

138 3549 197 3615 cosi
210 3549 314 3618 etiam
330 3551 388 3620 del
403 3551 522 3619 dottor
546 3552 664 3632 Paolo,
684 3553 844 3620 hauendo
859 3551 971 3619 inteso
985 3551 1095 3638 prima
1115 3549 1138 3618 il
1157 3572 1257 3638 parer
1279 3551 1359 3618 delli

142 3665 294 3750 superiori
305 3666 382 3734 loro
398 3669 422 3733 ⁵.
1105 3677 1108 3684 “

143 3803 327 3818 ᾖ

183 3887 197 3921 ⁸
217 3878 369 3934 Librarius
382 3877 541 3951 scripserat
552 3896 617 3934 una
630 3877 707 3935 delle
724 3879 794 3948 aue,
806 3877 885 3952 quod
897 3877 1008 3935 delevit
1021 3878 1176 3948 Pulmone,
1194 3885 1225 3934 et
1242 3877 1360 3952 scripsit

140 3962 230 4022 douae
243 3967 395 4022 aelle.-b
417 3965 479 4038 Sic,
492 3983 545 4040 pro
562 3965 723 4040 Mengino.

142 4093 326 4110 h

182 4179 190 4214 ¹
222 4181 330 4237 Petrus
343 4181 489 4250 Hernath,
499 4179 538 4238 de
551 4197 610 4254 quo
623 4181 763 4256 frequens
777 4180 888 4238 mentio
900 4181 1023 4238 inferius
1035 4179 1183 4238 facienda.

181 4271 192 4303 ¹
223 4269 339 4341 Gaspar
350 4269 534 4343 Haywodus.
545 4269 594 4327 Cf.
602 4271 783 4342 Aomcoss,
792 4271 875 4326 Hier.
884 4269 1071 4328 Germaniae
1083 4271 1261 4346 asperioris,
1272 4271 1296 4345 1,
1312 4269 1357 4328 86.

184 4354 194 4387 ⁸
225 4358 262 4415 P.
280 4358 483 4432 Hieronymus
496 4360 618 4416 Torres.
635 4360 682 4416 De
700 4376 737 4416 eo
749 4359 792 4416 cf.
809 4361 912 4434 Epist.
928 4359 1053 4431 Notol„
1066 4360 1106 4428 11,
1119 4361 1243 4434 passim.

185 4443 196 4478 ⁸
227 4445 387 4503 Hoifaeue.

184 4531 195 4567 ⁸
224 4535 270 4592 De
292 4535 431 4593 omnibus
452 4535 499 4594 his
517 4537 646 4596 diximus
670 4537 700 4596 in
718 4539 848 4596 secundo
865 4538 1016 4596 volumine
1033 4539 1135 4596 harum
1150 4537 1352 4612 epistolarum.

145 4617 245 4680 Videin
256 4624 476 4698 indicererum,
495 4643 687 4701 personarum
699 4636 731 4684 et
748 4629 890 4700 locorum,
908 4627 1027 4684 nomine
1039 4627 1202 4700 «Dirsiuen,
1221 4627 1359 4684 «Stevor-

146 4703 249 4768 (ihsan
260 4723 294 4770 et
306 4714 526 4788 uSwagerius».
