3322 5376
391 437 444 510 462
776 436 879 492 Esse.
900 436 935 492 Ρ.
954 435 1158 508 Ninia-479
1223 487 1227 494 .

356 594 424 658 bon
440 600 600 678 pretesto,
613 600 649 658 et
664 589 901 656 conseruando
916 586 937 653 l’
954 586 1102 656 amicitia
1117 589 1153 656 di
1167 611 1256 660 esso.
1277 594 1349 659 Pur
1364 592 1393 658 si
1410 593 1543 662 rimette
1563 605 1578 639 ⁸

353 729 375 774 a
390 709 434 774 V.
454 708 494 774 R.
513 717 548 772 et
563 705 595 774 ai
612 706 722 773 Padre
742 702 951 790 prouinciale
974 705 997 787 ¹,
1020 705 1086 771 che
1105 703 1127 770 ii
1149 709 1241 774 stari
1260 727 1423 793 appresso
1442 708 1470 774 b:
1488 730 1513 794 y
1528 716 1575 776 asi

352 822 389 890 lo
405 820 525 890 remito
541 827 562 888 i
581 823 625 889 V.
644 821 688 886 R.
716 839 815 886 como
841 818 875 884 lo
901 817 993 906 digo.
1011 818 1049 888 Si
1075 830 1312 905 aspetteranno
1339 821 1363 887 li
1382 821 1492 889 scritti
1512 826 1576 894 che

353 939 397 1005 V.
416 939 458 1005 R.
476 945 644 1024 promette
659 933 693 1000 di
709 935 753 1002 N.
774 937 814 1000 P.
833 933 978 1020 Ignatio,
996 943 1031 1002 et
1047 933 1076 1000 si
1092 935 1218 1003 uedera
1238 939 1303 1005 che
1318 935 1342 1001 il
1362 940 1400 1005 P.
1426 937 1574 1008 Ribade-

354 1074 459 1138 neyra
474 1051 587 1119 mandi
603 1048 706 1136 quelli
722 1051 788 1118 che
803 1050 848 1117 V.
867 1051 909 1117 R.
929 1048 1081 1117 ricercha
1096 1049 1173 1117 delli
1190 1050 1364 1138 infortunij
1381 1053 1539 1120 accaduti
1555 1077 1574 1122 a

353 1165 457 1254 quelli
472 1169 537 1235 che
552 1165 581 1233 si
592 1187 676 1233 sono
689 1163 789 1232 usciti
803 1165 848 1230 de
859 1165 893 1231 la
903 1163 1117 1250 Compagnia
1132 1165 1157 1230 ¹.
1176 1165 1254 1232 Non
1266 1187 1405 1234 occorre
1419 1166 1473 1233 dir
1489 1169 1575 1236 altro

352 1282 389 1348 in
403 1293 534 1367 questa,
553 1302 675 1350 senon
691 1278 965 1347 raccomandarci
981 1277 1060 1345 tutti
1077 1279 1184 1346 molto
1199 1280 1287 1348 nelle
1304 1282 1448 1348 orationi
1471 1293 1507 1352 et
1523 1306 1575 1350 sa·

351 1396 468 1482 crificij
485 1396 520 1462 di
535 1398 578 1464 V.
594 1397 651 1477 R.,
669 1395 869 1482 preghando
880 1392 975 1460 Iddio
991 1394 1035 1461 N.
1053 1394 1091 1463 S.
1105 1395 1138 1460 lo
1154 1395 1313 1464 conserui
1325 1417 1389 1464 con
1401 1397 1526 1478 sanitd,
1541 1409 1575 1466 et

351 1534 416 1579 con
432 1510 640 1578 abundantia
654 1508 690 1576 di
710 1531 773 1576 sua
788 1510 909 1596 gratia.
929 1508 972 1576 Di
988 1509 1151 1590 Frascati,
1170 1509 1194 1575 li
1211 1531 1230 1594 3
1251 1511 1286 1577 di
1307 1513 1449 1599 Maggio
1476 1513 1572 1598 1567.

418 1628 552 1694 Hartae
575 1626 714 1695 soledad
730 1647 786 1694 me
801 1627 886 1694 haze
902 1627 946 1692 V.
965 1627 1018 1705 R,
1036 1623 1215 1695 viendome
1235 1647 1279 1694 en
1298 1627 1461 1711 Frascati,
1478 1650 1503 1714 y
1519 1627 1574 1695 sin

351 1742 395 1824 ἐ1;
409 1764 431 1828 y
444 1747 492 1809 asi
504 1745 621 1810 Marco
637 1743 649 1776 ³
663 1741 750 1808 anda
766 1739 903 1822 musio,
918 1760 1048 1827 porque
1060 1763 1103 1827 ay
1113 1742 1170 1807 dia
1181 1742 1233 1810 de·
1238 1763 1256 1826 3
1272 1743 1570 1830 congregationes.

351 1859 419 1926 Los
434 1856 563 1924 officios
584 1879 651 1924 van
675 1856 831 1926 adelante
846 1854 871 1938 ‘;
889 1877 912 1942 y
932 1877 997 1922 con
1021 1856 1054 1922 la
1079 1856 1195 1942 gracia
1221 1857 1276 1923 del
1293 1859 1401 1926 Sedor
1421 1880 1467 1925 no
1483 1863 1572 1927 seria

350 1973 476 2039 mucho
495 1973 616 2039 acabar
644 1993 705 2058 por
729 1980 802 2038 este
829 1975 952 2051 meso
981 1969 1100 2037 saltata
1125 1991 1221 2057 poco.
1247 1974 1290 2038 D.
1320 1973 1363 2038 V.
1394 1975 1437 2040 R.
1454 1972 1570 2042 sieruo

349 2109 394 2155 en
410 2088 487 2168 X.⁰,

1173 2201 1389 2269 Fasvcrsco

415 2317 597 2402 Inscriptio
613 2316 651 2381 in
667 2319 792 2401 quarta
801 2315 951 2403 pagina:
966 2312 988 2401 †
1004 2313 1050 2380 Α1
1066 2313 1170 2381 molto
1188 2315 1274 2382 Rdo.
1289 2315 1325 2381 in
1337 2289 1428 2403 Xpo.
1443 2317 1568 2396 Padre,

347 2431 370 2497 ii
388 2435 427 2499 P.
450 2434 552 2499 Mtro.
577 2427 776 2497 Hieronimo
802 2429 935 2510 Natale,
953 2427 1127 2496 visitatore
1141 2429 1218 2498 nele
1232 2430 1408 2516 prouincie
1429 2431 1466 2496 di
1483 2433 1568 2500 Ale-

348 2567 473 2633 magna
488 2556 523 2614 et
539 2543 679 2612 Francia
696 2545 739 2611 de
752 2544 787 2610 ia
799 2543 1014 2630 Compagnia
1025 2542 1060 2608 di
1071 2545 1168 2630 Jesir,
1182 2544 1218 2610 in
1229 2544 1382 2625 Colonia,
1396 2566 1418 2611 ο
1433 2545 1525 2614 doue
1538 2546 1568 2614 si

347 2671 456 2728 troua.
475 2659 586 2726 Manu
603 2660 647 2726 P.
668 2658 795 2724 Nadal:
811 2657 833 2746 †
850 2677 869 2742 3
884 2658 928 2726 de
944 2656 1034 2725 Maio
1050 2658 1105 2742 67.
1132 2659 1321 2746 Vestigium
1336 2660 1460 2749 sigilli.

396 2892 413 2925 ι
440 2895 458 2950 4
471 2880 562 2936 verba
575 2897 662 2952 seqq.
678 2879 821 2934 Polaticus
839 2895 927 2952 supra
939 2895 1017 2935 vars.
1031 2877 1209 2936 addidit-b
1221 2894 1253 2936 10
1271 2883 1362 2937 verba
1374 2899 1461 2956 seqq.
1484 2883 1564 2939 addi·

341 2967 385 3024 dit
402 2967 508 3039 Borgia
524 2968 555 3024 in
571 2967 630 3023 fine
647 2967 887 3041 paragraphi.-c
905 2967 969 3023 Hoc
983 2969 1068 3025 verb.
1086 2976 1117 3024 et
1129 2985 1211 3042 seqq.
1226 2986 1319 3042 usque
1330 2969 1367 3026 ad
1380 2969 1470 3026 finem
1484 2971 1564 3027 addi-

342 3056 387 3112 dit
399 3056 504 3128 Borgia
518 3057 632 3130 propria
647 3073 744 3112 manu.

343 3191 553 3202 ——m

396 3261 404 3293 ¹
443 3261 590 3317 Antonius
603 3261 710 3318 Vinck.

394 3349 406 3381 ¹
441 3348 517 3404 Vide
531 3365 628 3423 supra,
643 3366 710 3423 pag.
724 3347 788 3420 380,
801 3356 906 3406 annot.
924 3360 950 3405 1.

394 3439 406 3472 ⁵
442 3437 582 3493 Melchior
604 3437 728 3510 hiereos,
751 3437 849 3494 socius
869 3436 964 3493 sancti
986 3436 1133 3493 Francisci
1154 3435 1192 3492 de
1213 3437 1311 3510 Borja.
1327 3435 1375 3495 Ci.
1398 3439 1564 3513 ΡοιΑΝοο,

341 3525 465 3591 Chron„
480 3527 532 3596 1v,
545 3527 609 3598 467,
621 3525 685 3596 468;
699 3532 730 3582 et
742 3526 905 3592 Accazan,
921 3523 1147 3592 Gitona-Hist„
1159 3525 1198 3598 ΙΙ,
1209 3537 1273 3598 471,
1286 3541 1350 3598 47²·

392 3617 405 3649 ⁴
440 3613 516 3671 Vide
531 3614 620 3687 epist.
637 3627 701 3684 427,
715 3631 749 3673 n.
764 3613 796 3669 6.
819 3613 949 3686 Regules
966 3613 1139 3687 visitatoris,
1155 3615 1354 3690 provincialis,
1367 3625 1427 3674 etc.
1449 3615 1564 3676 tacien-

337 3701 391 3758 das
404 3701 537 3758 decrevit
549 3702 738 3774 congregatio
751 3701 855 3775 prima,
867 3701 947 3761 decr.
964 3701 1028 3762 128·
