3322 5370
400 485 453 557 374
782 485 887 541 Earsr.
907 483 941 544 Ρ.
961 483 1164 554 Naum-464

363 641 409 707 Et
424 639 525 707 credo
540 641 605 706 che
620 659 680 724 per
691 647 814 723 questo
824 635 849 704 il
860 635 1031 706 cardinale
1043 638 1203 724 (secondo
1215 639 1279 705 che
1291 637 1316 705 il
1327 639 1367 705 P.
1387 637 1526 706 Canisio
1536 641 1578 706 mi

364 754 487 840 scriue)
503 756 548 821 ha
562 756 649 821 fatto
665 775 712 819 un
728 753 855 819 huomo
870 773 891 819 a
906 761 1004 840 posta
1018 753 1050 820 al
1062 773 1223 833 vescouo,
1237 773 1298 839 per
1309 753 1434 822 uedere
1449 773 1488 820 se
1498 774 1575 820 con·

363 869 492 957 uenghi
508 872 573 938 che
587 869 636 935 lui
651 867 729 934 vadi
744 889 765 935 a
780 867 955 954 predicare
974 868 1007 935 la
1021 880 1142 953 questa
1158 867 1359 955 quaresima;
1377 891 1446 936 non
1463 871 1577 938 soche

363 987 483 1054 sisara
499 986 594 1052 fatto.
614 984 713 1052 Altra
729 984 822 1050 uolta
848 981 1003 1070 supplico
1018 984 1050 1050 la
1065 986 1104 1051 P.
1129 983 1172 1050 V.
1192 983 1238 1050 mi
1258 983 1382 1050 risolua
1401 985 1491 1052 nella
1511 985 1573 1050 for·

361 1102 454 1168 mula
465 1102 530 1169 che
541 1100 574 1166 io
590 1099 726 1185 seguito
741 1099 787 1168 de
801 1098 980 1166 fundation
995 1099 1039 1167 de
1054 1099 1203 1185 collegii,
1222 1122 1243 1167 o
1258 1121 1341 1168 uero
1356 1099 1467 1168 ordini
1487 1099 1531 1166 mi
1548 1099 1573 1165 si

362 1216 520 1284 scriuano
535 1215 568 1283 le
583 1214 744 1282 difficolta
755 1217 821 1283 che
829 1214 1015 1282 dimuostra
1030 1217 1147 1283 hauer'
1164 1214 1196 1282 la
1213 1217 1253 1281 P.
1272 1217 1329 1296 V.,
1347 1217 1474 1302 perche
1490 1215 1522 1282 io
1535 1235 1578 1280 vo

363 1332 484 1398 adesso
495 1351 560 1398 con
572 1353 678 1416 paura
689 1341 724 1399 et
736 1329 987 1410 incertitudine,
1005 1331 1138 1399 benche
1153 1329 1244 1417 dipoi
1259 1334 1322 1397 che
1337 1332 1382 1397 ho
1398 1331 1542 1397 alchuna
1559 1341 1572 1373 ²

364 1445 613 1534 significatione
627 1445 663 1511 di
679 1456 800 1531 questa
815 1445 1037 1526 dubitatione,
1056 1468 1124 1512 non
1141 1448 1186 1512 ho
1202 1447 1363 1512 concluso
1379 1447 1486 1528 nullo;
1505 1465 1575 1532 pcr-

363 1563 428 1628 chd
440 1561 483 1628 ne
498 1582 620 1628 manco
635 1562 680 1628 ho
695 1562 824 1647 parlato
839 1560 930 1647 dipoi
945 1581 983 1627 se
998 1583 1069 1628 non
1089 1562 1157 1628 co'l
1173 1561 1385 1648 maguntino:
1403 1561 1538 1648 seguita
1555 1561 1575 1626 il

364 1675 551 1744 treuirense
567 1679 588 1756 ¹,
605 1677 672 1742 co'l
683 1677 783 1761 quale
795 1677 943 1742 anchora
953 1677 1083 1743 hauerb
1096 1677 1140 1743 da
1157 1687 1306 1743 trattare.
1322 1676 1422 1744 Facci
1434 1676 1467 1742 la
1479 1678 1519 1743 P.
1534 1679 1572 1743 V.

365 1811 460 1857 come
476 1794 595 1877 patera
610 1789 736 1877 meglio
754 1790 809 1859 nel
824 1789 983 1877 Signore,
996 1800 1032 1858 et
1044 1800 1132 1858 tutto
1145 1792 1190 1857 mi
1202 1792 1349 1877 pareral’
1370 1793 1458 1860 bene
1473 1792 1575 1858 conla

271 1881 287 1908 χ
363 1905 479 1972 diuina
492 1905 612 1992 gratia.
623 1907 689 1973 Del
701 1907 742 1972 Ρ.
758 1905 885 1986 Pietro,
895 1905 1089 1973 coloniense
1101 1907 1125 1987 ¹,
1135 1906 1315 1973 habbiamo
1326 1908 1470 1973 hauutte
1481 1907 1572 1974 lette-

364 2043 401 2090 re
416 2020 504 2089 della
519 2021 667 2088 arriuata
682 2041 745 2087 sua
765 2030 800 2087 et
814 2021 848 2086 d’
871 2022 1017 2090 alchune
1038 2022 1198 2107 prediche
1218 2023 1281 2088 che
1299 2023 1434 2090 haueua
1449 2023 1532 2089 fatte
1545 2023 1572 2087 al

364 2135 540 2225 principi03
565 2135 656 2221 dipoi
677 2157 746 2202 non
767 2135 948 2204 habbiamo
967 2137 1112 2204 hauutte
1132 2137 1217 2206 altre
1236 2157 1341 2217 noue,
1364 2137 1407 2203 ne
1427 2139 1535 2203 anche
1551 2138 1572 2200 l’

364 2249 595 2320 arciuescouo.
616 2252 656 2317 P.
675 2252 718 2317 V.
742 2250 828 2318 faeci
848 2250 1001 2318 oratione
1021 2273 1082 2337 per
1101 2251 1161 2331 lui,
1180 2263 1214 2318 et
1229 2251 1338 2317 ordini
1353 2251 1383 2318 si
1400 2251 1484 2318 sacci
1498 2251 1572 2317 dalli

363 2365 451 2446 altri,
466 2387 525 2452 per
537 2387 633 2431 amor
648 2365 704 2433 del
720 2364 879 2452 Signore,
897 2365 1090 2452 imperoche
1106 2367 1125 2433 ὲ
1140 2388 1220 2434 cosa
1231 2368 1265 2433 d'
1283 2367 1491 2453 importanza
1502 2367 1572 2452 quel
1657 2445 1658 2458 χ

362 2481 524 2571 logho,et
534 2481 647 2565 quello
656 2482 721 2548 che
729 2481 762 2547 la
772 2481 799 2548 si
811 2481 855 2548 fa.
865 2482 973 2567 Spero
984 2484 1048 2549 che
1060 2482 1093 2548 la
1105 2484 1144 2549 P.
1161 2483 1203 2549 V.
1219 2484 1345 2548 hauera
1355 2481 1504 2549 efficacia
1515 2502 1573 2547 con
1657 2473 1658 2494 *

363 2596 434 2664 Sua
449 2595 521 2663 Sta.
540 2617 560 2661 a
575 2597 639 2663 che
654 2594 705 2662 sia
723 2595 851 2662 aiutata
866 2596 1082 2684 Alamagnia,
1100 2618 1168 2663 non
1184 2599 1257 2663 solo
1276 2617 1341 2664 con
1362 2596 1464 2683 quelli
1483 2594 1571 2683 punti

362 2713 426 2776 che
442 2710 475 2776 io
489 2713 535 2777 ho
554 2710 684 2791 scritt0,
703 2732 757 2778 ma
777 2732 845 2778 con
864 2711 961 2778 molti
979 2712 1055 2779 altri
1080 2723 1113 2782 et
1133 2711 1279 2800 migliori
1299 2715 1364 2779 che
1383 2713 1416 2778 la
1435 2714 1475 2778 P.
1494 2713 1534 2778 V.
1552 2709 1572 2774 li

362 2829 483 2911 puotra
502 2847 675 2913 proporre.
702 2827 758 2894 Ha
778 2825 1004 2913 grandissima
1022 2827 1168 2895 autorita
1188 2828 1211 2893 il
1234 2849 1320 2914 papa
1339 2827 1376 2893 in
1396 2825 1572 2896 Germania
1656 2875 1657 2908 ἶ

361 2961 522 3026 appresso
537 2964 557 3008 a
574 2940 654 3006 tutti
669 2940 692 3006 li
707 2942 876 3024 catholici,
890 2954 925 3010 et
941 2941 963 3007 li
976 2943 1115 3012 heretici
1128 2953 1226 3010 stano
1238 2941 1371 3009 confusi
1383 2953 1418 3011 et
1433 2963 1572 3028 spanen-

362 3054 423 3123 tati
435 3055 523 3124 della
535 3077 597 3123 sua
609 3056 732 3122 santitai
744 3067 779 3125 et
795 3055 966 3143 integrita,
980 3078 1041 3123 nec
1049 3059 1132 3146 sere
1148 3057 1273 3123 audent
1288 3057 1487 3123 maledicere
1501 3056 1574 3122 huic

356 3177 478 3255 papae,
494 3171 552 3236 sed
568 3176 700 3236 tantum
712 3178 835 3256 papae.
851 3153 879 3238 E
893 3192 975 3240 uero
986 3173 1051 3241 che
1067 3173 1204 3240 alchuni
1216 3171 1371 3239 catholici
1384 3172 1574 3240 desiderano

361 3287 438 3364 che,
453 3285 482 3351 si
493 3306 590 3352 come
601 3287 671 3354 Sua
687 3287 759 3355 Sta.
775 3297 869 3354 tante
885 3308 964 3354 cose
979 3296 1014 3354 et
1030 3297 1127 3354 tanto
1139 3287 1419 3374 diligentemente
1431 3285 1572 3374 prouede
1655 3363 1656 3386 χ

361 3398 396 3467 in
413 3401 531 3480 Roma,
549 3411 631 3481 eto,
646 3402 718 3467 cosi
733 3401 878 3488 applichi
890 3403 914 3468 l’
927 3401 1040 3470 animo
1051 3403 1095 3469 ad
1107 3401 1237 3471 aiutare
1248 3401 1446 3485 Germania,
1461 3401 1573 3489 poiche

362 3535 431 3581 non
446 3517 467 3581 ἑ
482 3535 603 3582 manco
619 3537 681 3582 sua
696 3515 880 3583 Germania
896 3520 960 3587 che
979 3519 1103 3599 Roma,
1121 3538 1219 3584 come
1238 3518 1272 3588 di
1293 3528 1429 3604 pastore
1442 3515 1572 3583 vniuer-

362 3632 433 3699 sale
449 3632 492 3699 de
508 3630 600 3712 tutti;
619 3643 654 3700 et
670 3631 910 3719 specialmente
926 3643 1048 3718 questo
1064 3634 1264 3704 desiderauo
1278 3633 1312 3700 in
1326 3644 1447 3719 questo
1467 3642 1574 3716 tempo

362 3748 426 3813 che
441 3750 532 3812 stara
547 3769 608 3833 per
629 3759 748 3832 queste
768 3750 880 3817 bande
899 3749 979 3834 quel
1000 3749 1122 3830 amicO,
1145 3751 1187 3817 de
1203 3751 1235 3816 la
1254 3749 1311 3817 cui
1325 3759 1452 3818 venuta
1466 3749 1486 3814 ὀ
1500 3767 1572 3813 cosa
1654 3793 1655 3824 ,

363 3861 559 3930 incredibile
572 3874 701 3947 quanto
717 3863 744 3930 si
761 3863 942 3951 rallegrino
955 3875 990 3933 et
1001 3864 1172 3932 confidino
1185 3865 1207 3931 li
1219 3864 1389 3946 catholici,
1403 3873 1437 3930 et
1453 3871 1571 3948 quanto

364 3987 499 4044 temono
515 3977 539 4044 li
554 3978 740 4046 aduersarii
752 3981 776 4046 ³.
792 3980 900 4066 Spero
912 3981 976 4048 che
988 3982 1058 4050 Sua
1074 3983 1162 4062 Sta,
1175 4002 1272 4049 come
1285 3980 1395 4049 Padre
1410 3974 1572 4045 vniuersal

362 4091 406 4158 de
422 4095 514 4174 tutti,
530 4093 660 4160 aiutara
674 4095 729 4160 alli
741 4094 913 4179 catholici,
927 4094 1001 4163 aeid
1017 4096 1113 4163 siano
1129 4095 1333 4178 conseruati,
1346 4106 1381 4163 et
1393 4093 1449 4162 alli
1460 4091 1573 4160 aduer-

415 4281 432 4313 ι
460 4269 600 4344 Sequitur
612 4272 798 4329 dubitatione
811 4273 999 4330 obliteratum
1012 4291 1029 4330 a
1041 4275 1162 4332 lion-b
1173 4274 1365 4332 Emendatum
1383 4293 1399 4330 a
1417 4273 1485 4330 libr.
1501 4287 1534 4326 ex
1550 4271 1575 4324 et

362 4377 383 4414 a
396 4376 442 4415 me
452 4359 581 4431 parere.

418 4515 425 4544 ¹
463 4513 591 4582 Joannes
604 4530 663 4569 von
675 4512 729 4569 der
747 4513 861 4587 Leyen.
1149 4521 1160 4552 ²
1198 4519 1308 4590 Haupt.

414 4596 426 4630 ⁸
461 4599 593 4656 Tandem
607 4619 665 4659 non
678 4601 760 4659 venit
773 4603 925 4677 Philippus
938 4604 968 4660 in
981 4603 1158 4678 Flandriam,
1172 4606 1224 4662 sed
1238 4606 1317 4664 misit
1334 4605 1440 4663 ducem
1456 4604 1492 4660 de
1505 4601 1573 4658 Alba

361 4701 430 4742 curn
443 4687 588 4745 exercitu.
607 4691 682 4746 Vide
696 4709 793 4765 supra,
808 4711 878 4767 pag.
895 4691 959 4764 359,
971 4703 1070 4751 annot.
1088 4707 1111 4750 1.
