3318 5376
387 499 441 556 280
778 501 882 555 Errsr.
902 499 936 554 P.
956 497 1158 569 Neon-443

349 663 466 721 menta
482 655 689 736 conduntur,
708 673 786 719 cum
808 652 912 720 uellet
928 649 985 717 illa
1000 651 1139 718 omnino
1154 653 1236 719 dare
1251 653 1292 718 P.
1316 649 1499 732 Hermeti,
1526 671 1603 737 ego

351 789 490 854 prorsus
506 767 645 855 negaui,
664 768 871 836 confirmans
885 767 920 832 id
940 765 1014 834 fieri
1034 787 1103 834 non
1124 787 1224 853 posse
1243 788 1286 833 ex
1306 765 1487 834 instituto:
1516 775 1604 830 tan·

348 893 422 949 tum
439 883 606 965 concessi,
624 894 664 950 ut
679 883 797 952 eadem
813 885 1022 952 donarentur
1038 880 1194 968 collegio,
1209 882 1359 968 adquod
1371 885 1412 950 P.
1426 884 1601 950 Hermes

348 1013 517 1066 uenturus
532 1011 633 1068 esset.
654 1001 742 1068 Curn
760 1019 878 1066 rursus
893 999 1127 1078 contenderet,
1146 1008 1185 1064 ut
1199 1008 1315 1066 essent
1326 998 1386 1066 illa
1405 997 1494 1066 eius
1519 999 1601 1063 col-

349 1113 443 1199 legii,
465 1115 508 1180 ad
529 1116 621 1199 quod
643 1117 682 1182 P.
708 1117 855 1183 Hermes
882 1113 1027 1182 subinde
1054 1113 1199 1192 ueniret,
1225 1114 1470 1182 uehementius
1504 1113 1599 1179 illud

348 1227 489 1314 negaui,
508 1241 543 1298 et
558 1229 640 1310 dixi,
663 1240 702 1297 ut
722 1229 829 1316 prius,
851 1229 936 1295 illud
951 1228 1023 1296 fieri
1046 1251 1114 1296 non
1134 1251 1246 1314 posse,
1269 1239 1303 1298 et
1319 1251 1484 1316 pugnare
1509 1250 1596 1296 curn

347 1344 594 1427 constitutione
615 1357 744 1424 nostra,
773 1355 809 1413 et
835 1345 878 1411 ad
899 1344 1020 1413 uitium
1042 1345 1251 1432 proprietarii
1279 1345 1465 1431 pertinere.
1497 1347 1598 1412 Cum

352 1459 475 1526 iterum
491 1460 547 1526 illa
563 1461 692 1530 diceret
708 1483 762 1531 me
778 1461 844 1528 iam
861 1461 1087 1541 consensisse,
1106 1461 1176 1527 dixi
1199 1484 1252 1527 me
1268 1483 1336 1528 non
1352 1461 1596 1542 concessisse,

349 1597 463 1660 neque
478 1580 679 1657 concedere,
698 1577 763 1646 nisi
779 1578 869 1644 sicut
884 1589 937 1644 est
956 1577 1217 1664 supradictum.
1241 1580 1328 1646 Cum
1351 1579 1599 1664 interrogaret

346 1713 390 1758 ex
407 1714 473 1774 me,
491 1715 535 1759 an
551 1705 690 1779 possent
706 1694 866 1763 mulieres
882 1695 917 1760 in
934 1695 1117 1782 collegium
1145 1705 1299 1762 nostrum
1319 1693 1471 1780 ingredi,
1500 1693 1593 1772 dixi,

347 1827 392 1872 ex
407 1804 708 1876 constitutionibus
727 1809 853 1878 nostris
874 1813 939 1877 hoc
960 1810 1059 1877 nobis
1081 1833 1158 1879 esse
1180 1809 1411 1878 interdictum:
1433 1831 1593 1878 conces-

348 1921 433 1990 sisse
450 1945 512 1990 nos
528 1935 641 1991 tamen
662 1924 756 2010 ipsis,
780 1936 916 2012 propter
936 1949 1052 1994 earum
1070 1938 1103 1995 et
1124 1925 1261 2014 generis
1276 1939 1311 1993 et
1326 1926 1500 1992 uirtutum
1525 1948 1591 1994 ex-

348 2037 554 2106 cellentiam:
569 2040 731 2123 alioquin,
744 2041 773 2107 si
786 2041 852 2108 alio
869 2043 1014 2111 fuissent
1030 2044 1105 2110 loco
1121 2052 1233 2122 natae,
1249 2064 1312 2109 nos
1324 2064 1505 2128 nunquam
1519 2043 1588 2108 hoc

349 2151 415 2219 illis
431 2175 666 2222 concessuros.
691 2158 811 2242 Neque
834 2168 946 2226 tamen
971 2160 1115 2243 probare
1142 2161 1353 2244 frequentem
1377 2157 1518 2226 illarum
1544 2159 1589 2222 ad

349 2269 489 2335 hortum
505 2291 694 2338 accessum.

418 2387 448 2450 A
466 2391 573 2472 tergo,
586 2387 744 2473 Jimenez
764 2412 885 2456 manu:
906 2393 1006 2476 Quae
1027 2393 1131 2458 Pater
1150 2392 1281 2460 Natalis
1301 2391 1386 2458 dixit
1407 2403 1482 2460 2.ne
1504 2413 1588 2480 per-

350 2521 468 2569 sonae.
487 2502 628 2569 Natalis
643 2525 769 2570 manu:
784 2527 830 2572 m.

924 2664 1013 2726 us

702 2789 736 2844 s.
761 2789 1010 2847 rnnucrscus
1030 2791 1083 2845 ns
1102 2787 1228 2862 BORJA

619 2889 769 2956 PATRI
793 2889 1112 2957 HIERONYMO
1137 2891 1318 2958 NADAL

719 3015 845 3068 nourr,
868 3003 902 3056 26
924 3014 1081 3058 ocroenrs
1103 3003 1171 3072 1566
1187 3009 1208 3059 ¹.

351 3105 378 3144 1.
399 3091 494 3148 initia
510 3095 632 3166 collegii
650 3101 858 3156 olomucensis:
876 3101 942 3154 PP.
956 3101 1097 3156 Hernatlr
1108 3106 1136 3156 et
1154 3103 1247 3158 Peras
1263 3109 1392 3160 rectores
1410 3105 1582 3177 Tyrnaviac

386 3191 415 3236 et
436 3181 595 3238 Otomutii:
616 3186 762 3258 magistri
775 3191 834 3258 pro
851 3188 986 3260 collegiis
1003 3189 1164 3244 Pultoviae
1181 3195 1209 3245 et
1227 3188 1464 3265 Braunsbergac
1477 3193 1583 3267 provi·

386 3273 563 3328 dandi-2.
590 3275 771 3330 Provinciae
793 3277 942 3331 Franciae
964 3282 992 3332 et
1010 3277 1195 3348 Aquitaniae
1216 3298 1237 3334 a
1259 3281 1367 3336 Natali
1388 3282 1581 3339 lustrandas:

386 3361 583 3435 collegiorum
595 3363 713 3436 Spirae,
720 3364 902 3438 Herbipolis,
914 3363 1017 3420 Leontii
1025 3371 1053 3421 et
1064 3367 1169 3422 Sancti
1178 3369 1350 3425 Andomari
1359 3371 1514 3427 institutio
1524 3371 1583 3427 Na·

387 3451 446 3505 tali
452 3455 650 3522 procuranda
664 3455 878 3508 committitur.
889 3485 915 3493 -
921 3469 949 3524 3.
968 3455 1014 3510 De
1028 3456 1151 3511 Simone
1160 3463 1301 3528 pruteno:
1320 3461 1356 3515 de
1368 3461 1495 3534 collegio
1515 3463 1581 3517 Tre·

388 3539 492 3596 bonae:
509 3543 545 3596 de
563 3541 687 3597 Nicolao
706 3543 872 3610 Salio-4.
891 3543 1104 3612 Quorumdam
1120 3547 1297 3618 principum
1314 3549 1412 3604 nimia
1428 3568 1506 3622 erga
1524 3552 1581 3606 rtis·

386 3629 464 3683 colos
473 3629 676 3684 benevolentia
689 3637 953 3686 commemoratur:
967 3633 1004 3688 de
1015 3635 1148 3688 remedio
1160 3635 1326 3691 adhibendo
1338 3639 1509 3696 consulitur
1522 3640 1578 3696 Na·

386 3717 537 3785 talis-5.
554 3719 600 3774 De
622 3719 714 3773 Petro
727 3720 821 3774 Phae:
844 3721 880 3774 rte
892 3721 1069 3776 Hostovino:
1091 3724 1126 3778 de
1144 3724 1348 3781 Astomi—6.
1366 3727 1580 3785 instructiones

391 3805 512 3861 Natalis
521 3807 701 3878 probantur.
739 3820 770 3876 7.
788 3808 834 3864 De
853 3809 1045 3883 Wolfgango,
1058 3811 1197 3882 simenez
1209 3819 1236 3868 et
1255 3814 1488 3873 Sctroritio.-8.
1511 3819 1579 3874 Dis·

387 3898 525 3966 pensatio
534 3903 592 3968 pro
603 3898 744 3968 pluribus
756 3899 903 3972 beneficiis
915 3901 1008 3954 simut
1024 3901 1166 3956 habendis
1178 3905 1259 3959 itura
1270 3907 1406 3962 uidetur.

428 4024 455 4072 1.
500 4007 601 4094 Jbus.
622 4007 727 4072 Molto
744 4009 828 4073 Rd0.
848 4007 882 4073 in
899 4010 986 4093 Xpo.
1010 4011 1129 4076 Padre.
1150 4013 1223 4078 Pax
1239 4013 1339 4099 xpi,
1357 4027 1423 4084 etc.
1442 4017 1479 4085 si
1495 4039 1578 4084 sono

356 4119 511 4187 riceuute
529 4119 670 4190 insieme
685 4141 707 4203 4
723 4122 841 4188 lettere
858 4121 892 4186 di
909 4125 951 4190 V.
972 4126 1027 4205 R.,
1046 4123 1080 4189 di
1097 4145 1139 4208 27
1155 4126 1190 4191 d'
1205 4128 1351 4214 Agost0,
1368 4147 1400 4214 5,
1414 4131 1435 4198 6
1447 4141 1481 4199 el
1494 4149 1513 4216 7
1528 4133 1580 4198 del

358 4246 528 4320 presente,
547 4247 581 4304 et
597 4239 628 4303 ci
644 4237 750 4304 siamo
771 4239 876 4304 molto
896 4242 1062 4306 consolati
1085 4244 1120 4306 in
1137 4245 1302 4324 Domino,
1321 4245 1529 4314 intendendo
1550 4250 1580 4313 la

360 4379 557 4387 ..μ--ι--ι-

415 4455 421 4484 ¹
461 4452 503 4506 Ex
517 4451 689 4522 archetypo,
702 4469 719 4506 a
733 4453 903 4508 Fernandez
915 4464 1046 4520 exarato,
1066 4465 1096 4512 et
1114 4457 1238 4528 Borgiae
1258 4438 1345 4514 menn
1362 4461 1539 4534 subscripto,
1552 4463 1577 4517 in

362 4537 424 4592 Cori
459 4555 505 4609 34,
528 4539 637 4612 duplici
656 4541 724 4611 fol.,
746 4540 796 4610 187
813 4543 871 4611 (74,
890 4547 949 4613 75).
976 4545 1188 4617 Postscriptum
1206 4549 1319 4604 abillis
1338 4550 1447 4606 verbis:
1466 4551 1576 4616 Perire,

359 4631 475 4692 murtro,
491 4637 584 4684 totum
596 4631 776 4702 estBorgiae
794 4635 1020 4705 autographum.
1042 4633 1118 4691 Vide
1131 4635 1219 4707 epist.
1236 4650 1301 4708 424,
1317 4637 1371 4710 432
1389 4647 1419 4695 et
1437 4639 1502 4714 413,
1519 4642 1577 4715 qui·

361 4718 416 4772 bus
428 4717 500 4772 haec
514 4718 685 4790 respondet.
