3404 5380
659 525 694 582 24
714 511 858 570 Aususrr
880 515 948 584 1566
1331 537 1381 580 221

140 659 237 726 suoi
257 681 313 728 ne
327 663 537 730 haueranno
557 661 738 748 particolar
759 685 841 730 cura
860 665 904 732 de
924 664 957 731 la
972 667 1117 754 guardia
1139 668 1173 735 di
1194 673 1237 738 V.
1257 673 1299 740 R.
1319 685 1354 744 et
1374 676 1421 746 de

146 775 207 862 gl’
229 776 323 843 altri
338 777 489 863 operarij
506 777 541 844 di
557 787 675 845 nostra
691 779 919 866 Compagnia.

232 910 272 958 2.
328 894 477 978 Quanto
492 894 548 960 all’
566 894 692 960 andata
707 892 742 961 in
759 893 916 978 Polonia,
933 900 993 963 un'
1018 898 1101 966 altra
1123 900 1218 968 uoita
1240 903 1276 968 fu
1297 905 1418 973 scritto

154 1031 182 1074 a
197 1011 253 1076 V.
275 1011 341 1089 R.,
360 1013 428 1078 che
444 1011 476 1075 la
491 1009 625 1078 lasciasi
639 1019 742 1093 stare,
760 1011 920 1079 temendo
935 1013 968 1078 la
987 1035 1050 1082 sua
1071 1014 1172 1082 fatica
1189 1028 1225 1084 et
1244 1017 1416 1087 incomodi

155 1123 200 1190 di
225 1126 322 1210 quel
342 1124 500 1210 uiaggio,
519 1135 743 1210 quantunque
769 1147 839 1192 non
854 1125 885 1192 si
909 1126 1026 1194 dubita
1049 1131 1114 1198 che
1141 1133 1284 1200 sarebbe
1311 1137 1417 1204 molto

156 1242 259 1308 uffle
278 1263 347 1328 per
377 1239 479 1325 quelli
495 1240 600 1326 paesi,
622 1242 687 1310 che
708 1242 751 1309 V.
771 1242 811 1308 R.
836 1264 880 1309 ne
900 1244 1036 1310 hauessi
1056 1245 1272 1331 sperimental
1293 1250 1417 1319 notitia

155 1357 199 1422 di
217 1355 352 1442 quelli.
373 1357 506 1422 Adesso
524 1356 680 1423 uedendo
692 1359 756 1425 che
768 1366 1122 1443 tomaarepresentar
1138 1373 1258 1446 questa
1274 1366 1412 1448 andata,

158 1471 284 1540 ssche
307 1473 327 1538 e
349 1491 459 1556 segno
478 1471 522 1538 de
545 1469 690 1537 trouarsi
711 1492 777 1539 con
796 1472 890 1538 buon
910 1471 1035 1555 anim0,
1058 1486 1094 1542 et
1115 1477 1204 1544 forse
1224 1481 1334 1548 anche
1349 1501 1416 1547 con

161 1585 295 1654 sanita
310 1587 501 1672 maggiore,
520 1608 601 1673 pare
617 1584 813 1673 conuenghi
834 1585 986 1656 rimetter
1006 1587 1031 1654 il
1046 1599 1136 1658 tutto
1156 1613 1176 1658 a
1196 1595 1240 1660 V.
1264 1597 1305 1662 R.
1328 1595 1414 1665 libe-

163 1713 351 1782 mente,
371 1702 405 1768 in
431 1703 535 1768 modo
561 1703 626 1768 che
648 1701 677 1768 si
693 1703 852 1788 reputata
873 1723 966 1769 esser
986 1703 1011 1768 il
1030 1705 1168 1792 meglio,
1191 1709 1270 1792 quel
1286 1713 1350 1778 che
1370 1711 1415 1781 lei

166 1818 263 1884 fara.
288 1817 484 1885 Solamente
499 1839 538 1884 se
552 1816 576 1881 li
604 1818 828 1883 raecomanda
854 1819 919 1884 che
935 1838 980 1883 ne
995 1819 1120 1888 habbia
1138 1820 1172 1886 in
1185 1834 1306 1906 questa
1319 1847 1414 1894 reso-

168 1933 321 2000 lutione
337 1942 486 2016 respetto
501 1954 523 1998 a
537 1954 599 1998 sua
621 1931 743 2012 sanita,
770 1931 864 1998 acciri
885 1953 953 1998 non
974 1954 1012 2000 se
1032 1933 1215 2020 impedisca
1236 1937 1259 2004 il
1276 1940 1416 2006 seruitio

173 2050 247 2115 che
266 2050 369 2134 potra
384 2050 453 2113 iare
469 2070 489 2113 a
506 2047 601 2114 Iddio
617 2056 735 2113 nostro
756 2045 895 2133 signore
910 2068 975 2114 con
996 2050 1109 2134 quella
1131 2050 1166 2116 in
1187 2052 1263 2118 altri
1279 2054 1413 2142 luoghi.

253 2183 290 2248 3.
341 2163 389 2229 La
404 2173 508 2248 gente
523 2163 588 2230 che
604 2162 632 2228 si
647 2165 692 2228 ha
707 2161 742 2227 di
754 2162 894 2229 mandar
910 2161 945 2228 in
957 2164 1154 2248 Germania,
1169 2167 1188 2233 ἑ
1201 2169 1314 2253 quella
1325 2171 1417 2238 della

177 2280 290 2365 quale
306 2278 336 2346 si
353 2280 472 2344 mandb
489 2300 559 2344 una
573 2277 652 2343 lista
671 2294 708 2360 15
726 2277 760 2344 di
776 2299 861 2344 sono
880 2280 901 2358 ¹,
920 2279 1035 2346 leuato
1052 2281 1233 2370 Bolfango‚
1252 2286 1413 2370 bohem0,

178 2394 409 2472 subdiacono,
427 2393 450 2458 ii
467 2395 567 2478 quale
582 2397 674 2460 stara
689 2415 757 2479 qua
772 2403 893 2478 questa
909 2393 1099 2477 inuernata,
1118 2407 1153 2465 et
1164 2397 1193 2464 si
1206 2404 1303 2485 potra
1316 2423 1411 2469 man-

178 2511 271 2576 dare
293 2510 466 2577 sacerdote
486 2519 521 2575 et
541 2531 607 2576 con
622 2507 681 2595 piu
703 2508 824 2576 lettere
847 2509 932 2576 satta
947 2531 1076 2597 pasqua
1091 2512 1136 2580 de
1156 2516 1414 2585 resurrettione.

181 2627 222 2690 ln
240 2645 308 2691 suo
320 2623 394 2690 loco
411 2626 537 2690 andare
554 2623 763 2691 Alessandro
780 2624 940 2704 Sassone,
958 2626 1023 2691 che
1039 2628 1079 2693 V.
1099 2629 1139 2693 R.
1164 2629 1231 2695 ben
1251 2651 1410 2715 conosce,

181 2740 207 2806 il
224 2741 331 2824 quale
346 2741 364 2804 ὁ
378 2750 466 2804 stato
482 2739 627 2823 qualche
644 2748 757 2824 tempo
773 2738 863 2806 nella
874 2759 952 2804 casa
963 2739 998 2804 di
1010 2741 1221 2826 probatione,
1239 2758 1273 2811 et
1287 2757 1414 2814 mostra

184 2854 308 2921 animo
323 2855 364 2920 de
390 2851 567 2939 diportarsi
590 2851 775 2920 benissimo
802 2851 837 2919 in
856 2854 1051 2921 Germania.
1082 2857 1230 2942 Quando
1257 2861 1328 2928 cosi
1344 2883 1416 2928 non

186 2973 302 3048 fusse,
320 2971 351 3036 V
356 3021 362 3034 .
377 2971 415 3036 R.
436 2971 532 3054 potra
549 2969 658 3036 sarde
675 2967 721 3034 lui
738 2967 958 3036 liberamento
974 2990 1071 3038 come
1087 2972 1109 3036 li
1132 2977 1261 3058 pareri.
1282 2975 1319 3044 Si
1336 2999 1413 3062 par-

186 3083 378 3150 tirannodi
405 3087 524 3165 Roma,
543 3085 574 3149 al
590 3084 658 3149 fine
673 3083 707 3149 di
735 3093 856 3167 questo
876 3105 969 3151 mese
989 3105 1010 3150 o
1026 3085 1193 3172 principio
1215 3089 1296 3155 dell'
1313 3092 1414 3173 altro,

186 3201 358 3287 piacendo
372 3223 389 3264 a
405 3199 512 3278 iddio,
530 3199 563 3264 la
579 3199 673 3265 uolta
687 3199 731 3270 de
744 3196 931 3284 Hispruch,
949 3201 1039 3266 doue
1054 3223 1122 3268 non
1139 3204 1297 3271 huuendo
1310 3209 1353 3273 V.
1369 3209 1410 3274 R.

187 3339 210 3383 a
229 3316 371 3382 trouarsi
387 3338 444 3401 per
460 3315 483 3380 il
500 3315 706 3395 Settembre,
725 3318 822 3399 potra
838 3314 987 3382 seriuere
1004 3317 1083 3400 quel
1098 3319 1163 3386 che
1176 3321 1253 3387 uole
1266 3319 1316 3386 sia
1328 3322 1416 3388 fatto

189 3432 229 3498 di
248 3431 330 3498 lom.
348 3433 494 3517 Quando
506 3453 575 3496 non
592 3428 785 3496 trouassino
801 3429 918 3496 ordine
934 3451 1009 3511 suo,
1023 3443 1119 3517 parte
1130 3433 1165 3498 di
1181 3435 1253 3500 loro
1265 3437 1298 3501 lo
1311 3436 1415 3503 ricer-

190 3567 344 3615 caranno
372 3549 425 3614 dal
458 3550 499 3613 P.
530 3545 687 3626 Canisi0‚
721 3555 755 3612 et
783 3544 895 3611 alcuni
924 3545 1013 3614 forse
1039 3568 1185 3614 saranno
1199 3525 1350 3618 'drizzati
1378 3552 1415 3618 in

192 3663 346 3731 Austria.
422 3679 426 3687 '

268 3798 297 3861 4.
341 3781 428 3848 Delli
443 3778 596 3866 suggetti
612 3781 677 3846 che
693 3777 722 3844 si
737 3779 853 3843 hanno
868 3798 888 3843 a
904 3778 1043 3844 mandar
1060 3800 1119 3864 per
1134 3779 1158 3845 il
1173 3782 1319 3868 collegio
1337 3805 1416 3869 ger-

193 3895 329 3962 manico
343 3897 390 3962 ira
410 3897 433 3962 li
454 3893 585 3981 poueri,
608 3895 645 3959 su
673 3891 829 3960 scrittoa
856 3894 897 3959 V.
915 3895 956 3959 R.
979 3893 1071 3977 quali
1092 3895 1120 3961 si
1144 3898 1421 3982 reputarebbono

192 4011 259 4100 piri
284 4011 401 4081 idonei.
425 4012 574 4097 Quando
590 4032 659 4077 non
675 4009 704 4076 si
719 4007 895 4098 potessino
912 4019 1027 4076 trouar
1044 4011 1113 4092 tali,
1132 4011 1160 4078 si
1173 4012 1276 4080 lascia
1291 4014 1323 4081 al
1335 4013 1415 4100 giu-

192 4126 281 4195 ditio
295 4128 325 4194 di
342 4131 383 4196 V.
402 4131 445 4195 R.
464 4126 557 4212 quali
573 4125 742 4193 debbiano
758 4145 882 4192 essere.
900 4127 972 4192 Ben
989 4124 1018 4192 si
1030 4128 1130 4196 erede
1142 4131 1205 4197 che
1218 4128 1253 4194 in
1266 4132 1416 4200 Treuere

190 4267 217 4312 o
237 4245 421 4331 Mogontia,
440 4255 475 4312 et
493 4245 583 4309 forse
599 4243 708 4308 anche
724 4241 758 4307 in
775 4239 934 4322 Colonia,
949 4241 978 4308 si
990 4245 1201 4328 potrebbono
1214 4256 1347 4312 trouare
1359 4244 1419 4332 piu

188 4361 383 4430 facilmente
398 4381 546 4447 persone
563 4367 719 4445 prouette
735 4356 769 4422 in
785 4357 918 4438 lettere,
942 4369 976 4426 et
992 4359 1189 4427 conosciute
1210 4360 1290 4430 nelli
1312 4362 1421 4428 nostri

187 4478 337 4566 collegij,
356 4481 421 4546 che
438 4475 530 4541 nella
546 4473 700 4560 superior
715 4473 912 4541 Germania.

189 4639 387 4652 ——--

245 4737 253 4770 ¹
291 4733 366 4789 Vide
380 4729 477 4804 epist.
493 4739 559 4796 421.
