3322 5376
1147 515 1148 520 Ν
1178 485 1230 556 465

68 645 94 702 et
105 633 142 700 mi
156 654 290 702 occorre
303 634 475 714 difficoha,
489 655 525 702 se
541 656 611 704 non
626 634 772 703 andiano
784 632 890 701 chiari
905 655 971 703 con
982 633 1006 700 li
1018 634 1201 704 fundatori.
1217 638 1267 704 [a

69 753 99 815 P.
115 751 150 816 V.
166 752 238 816 sari
253 749 381 817 seruita
395 749 430 815 di
445 749 491 816 mi
506 748 677 818 aduertire
692 760 727 817 et
743 747 896 819 risoluer'
911 748 948 815 in
963 760 1096 836 questo,

117 883 145 948 4.
188 865 224 931 In
239 865 355 950 quello
370 863 407 930 di
421 863 677 947 Franchfordia,
697 865 820 948 Padre,
837 886 907 931 non
918 867 963 932 rn’
978 867 1024 930 ho
1040 865 1266 933 determinato

69 981 95 1046 in
107 982 193 1060 altro,
210 1002 247 1048 se
263 1003 335 1048 non
351 981 415 1048 che
430 980 453 1046 li
469 980 526 1048 doi
542 979 647 1046 nostri
663 982 727 1046 che
742 1001 827 1047 sono
842 980 887 1062 li,
902 1001 969 1047 non
986 981 1015 1047 si
1030 980 1194 1048 muouino
1210 982 1267 1048 dal

68 1107 213 1162 conuento
227 1095 263 1162 di
283 1094 501 1178 dominicani,
518 1091 608 1163 doue
634 1116 733 1176 sono,
756 1097 800 1162 ni
819 1095 931 1162 facino
947 1095 1004 1181 pii
1026 1094 1061 1161 di
1082 1095 1194 1181 quello
1211 1092 1266 1161 ch'

66 1209 146 1277 insin'
170 1211 291 1278 adesso
309 1212 486 1290 faceuan0,
504 1220 539 1278 et
558 1212 623 1279 che
638 1210 667 1276 si
688 1208 780 1276 diehi
799 1209 832 1276 al
851 1210 982 1278 decano
1002 1212 1067 1277 che
1088 1231 1159 1276 non
1175 1230 1268 1276 com·

66 1327 141 1410 prino
155 1347 243 1406 casa,
261 1325 305 1394 ni
331 1324 457 1393 vadino
483 1325 599 1393 auanti
616 1324 651 1390 in
678 1326 757 1410 quel
778 1323 930 1411 negoti0,
948 1323 1038 1392 insin
1053 1327 1118 1391 che
1136 1324 1265 1411 venghi

65 1442 80 1505 l’
95 1442 198 1510 ultima
212 1441 412 1509 risolutione
435 1440 524 1509 della
553 1443 592 1508 P.
611 1441 655 1508 V.
686 1441 819 1526 Questa
835 1438 864 1506 si
885 1441 1074 1527 puotrebbe
1101 1441 1262 1508 mandare

65 1557 200 1640 [parendo
215 1557 288 1624 cosi
305 1579 325 1622 a
341 1557 381 1624 V.
402 1556 456 1642 P.)
473 1555 505 1622 al
522 1555 634 1624 Padre
660 1553 879 1640 prouinciale.
910 1554 1011 1622 Aitro
1035 1575 1104 1621 non
1127 1575 1266 1622 occorre

65 1692 111 1755 per
123 1684 247 1757 questa.
266 1673 440 1738 Dominus
454 1671 500 1736 sii
522 1671 708 1737 nobiscum.
730 1670 805 1738 Ora
826 1678 895 1757 pro
909 1671 1015 1751 nobiS,
1036 1673 1157 1736 Pater.
1176 1666 1265 1737 Nelli

65 1787 134 1852 santi
151 1786 307 1854 sacrificii
327 1795 362 1855 et
381 1785 527 1854 orationi
547 1785 627 1854 delli
648 1786 751 1854 Padri
771 1785 954 1868 assistenti,
978 1785 1034 1854 del
1054 1787 1094 1852 P.
1116 1786 1264 1852 Polanco

65 1914 91 1967 et
105 1906 138 1969 P.
157 1903 302 1985 Madrid‚
332 1913 414 1985 etc„
443 1903 548 1969 molto
564 1901 593 1969 si
619 1902 912 1971 raccomandiamo
939 1902 996 1967 nel
1022 1899 1180 1987 Signore.
1210 1901 1264 1966 Da

66 2017 188 2100 Treuiri,
205 2020 263 2088 alli
280 2019 361 2088 (ide
377 2018 518 2106 Maggio
535 2019 630 2102 1567.
649 2021 693 2085 D.
713 2020 753 2084 P.
772 2018 815 2085 V.
834 2038 936 2085 seruo
951 2037 995 2083 en
1010 2013 1087 2096 X.⁰,

860 2139 1042 2316 Qu..
1070 2137 1092 2226 †

116 2365 294 2449 Inscriptio
320 2364 359 2428 in
388 2367 515 2448 quarta
535 2363 684 2449 pagina:
706 2364 802 2449 Jhus.
832 2361 1026 2428 Admodum
1054 2360 1141 2426 Rdo.
1172 2357 1265 2426 Patri

66 2489 163 2545 nostro
181 2477 217 2544 in
238 2475 379 2546 Christo
397 2475 579 2545 Francisco
599 2498 619 2542 a
647 2477 788 2563 Borgia,
812 2474 995 2545 Societatis
1011 2477 1095 2564 Jesu
1121 2494 1268 2560 praepo-

67 2593 117 2659 sito
133 2593 295 2681 generali,
313 2603 380 2662 etc.
398 2594 538 2661 Romae.
554 2593 636 2658 Alia
650 2613 769 2658 manu:
787 2591 809 2680 †
832 2615 866 2678 p.
885 2616 916 2660 e.
936 2614 979 2658 m.
1001 2591 1095 2675 1567.
1116 2588 1266 2658 Treveri.

69 2710 114 2774 P!
132 2711 262 2777 Natale.
282 2710 304 2776 6
319 2708 354 2774 di
370 2707 523 2796 Maggio.
554 2708 742 2796 Vestigium
754 2709 877 2796 sigilli.

383 2984 424 3049 Ρ.
449 2982 759 3052 HIERONYMUS
782 2982 947 3049 NADAL

286 3087 464 3146 sancio
500 3086 762 3146 FRANmsco
800 3088 857 3143 na
894 3085 1038 3157 BORJA

343 3197 515 3244 iueusaia
526 3197 742 3257 mvmoami,
754 3186 772 3241 6
785 3198 854 3253 MAJ!
869 3197 880 3240 ι
884 3185 936 3254 567
949 3188 971 3241 ¹.

67 3281 102 3338 De
110 3287 263 3342 reservatis
268 3283 523 3359 provincialium:
534 3285 571 3339 de
582 3283 619 3338 P.
634 3283 770 3340 Oliverio
777 3281 935 3348 Mariano,
945 3283 1127 3356 informatio
1134 3283 1271 3354 privata.

119 3403 414 3489 †Soli.-Padre‚
432 3423 476 3469 en
497 3401 547 3467 las
568 3410 661 3467 otras
684 3399 891 3486 prouincias,
908 3402 1006 3467 hasta
1028 3400 1086 3486 qui
1108 3410 1136 3482 ἢ,
1160 3400 1195 3465 ni
1220 3400 1272 3467 los

67 3519 275 3597 prouinciales
284 3521 401 3587 tenian
408 3517 460 3584 los
470 3537 569 3584 casos
579 3517 790 3596 reseruadOS,
801 3516 1001 3583 declarados
1009 3537 1072 3603 por
1081 3515 1114 3581 la
1125 3501 1271 3601 congie-

68 3632 167 3714 gatiin
179 3634 333 3722 general,
347 3633 382 3699 ni
394 3632 440 3699 io.
454 3635 508 3700 En
519 3636 593 3699 ista
609 3653 665 3700 me
679 3632 730 3697 los
741 3634 786 3698 ha
801 3633 889 3698 dado
905 3633 937 3698 el
948 3630 1149 3719 prouincial,
1163 3652 1186 3716 y
1198 3634 1271 3697 ansi

69 3767 121 3814 veo
134 3751 276 3820 ehebv.
295 3751 337 3816 P.
355 3751 400 3816 ha
419 3748 462 3816 de
478 3749 637 3815 nombrar
657 3769 701 3814 en
716 3748 801 3814 cada
820 3747 1009 3834 prouincia,
1032 3753 1052 3814 ai
1072 3747 1174 3832 quien
1191 3767 1272 3815 sean

69 3868 255 3934 reseruados
266 3866 318 3932 los
329 3885 429 3931 casos
438 3864 482 3931 de
493 3884 535 3930 su
544 3863 742 3949 prouincial.
751 3863 918 3930 Tambiin
929 3871 1125 3948 represento
1135 3864 1205 3929 ἐν.
1219 3864 1270 3940 Ρ.,

70 3975 132 4047 sile
146 4001 296 4066 pauesce,
314 3979 467 4048 declarat
482 3979 517 4044 lo
532 3999 599 4064 que
618 3981 651 4047 le
671 3977 816 4045 comati&
830 3977 863 4045 la
878 3977 1137 4064 congregation,
1157 3995 1198 4061 37
1214 3998 1273 4043 ca-

68 4111 153 4175 none,
169 4096 222 4166 del
241 4115 260 4178 7
277 4115 359 4162 caso
376 4095 572 4162 reseruado.
592 4092 629 4162 Si
646 4091 763 4178 quiere
779 4094 898 4178 sqaber
913 4094 957 4159 V.
978 4094 1017 4158 P.
1036 4091 1082 4158 mi
1098 4112 1269 4178 parescer,

69 4207 154 4288 quiin
168 4216 242 4280 sera
258 4210 291 4280 el
306 4209 460 4296 professo
475 4214 496 4275 a
510 4206 614 4295 quien
634 4228 672 4274 se
691 4229 853 4276 reseruen
873 4207 924 4274 los
945 4227 1043 4274 casos
1062 4207 1106 4276 de
1126 4208 1177 4273 los
1193 4227 1273 4291 pro-

68 4320 223 4408 maiales,
241 4347 285 4392 en
302 4325 443 4392 Austn'a
459 4327 546 4392 Mro.
565 4321 726 4390 Cornelio
739 4323 764 4405 ¹,
782 4344 826 4390 en
846 4321 1030 4391 Germania
1051 4325 1137 4390 Mro.
1157 4323 1271 4389 Theo-

74 4432 265 4448 5-

69 4474 272 4574 Q⁰
284 4477 373 4532 hasta
385 4475 530 4546 aqui-¹³
545 4473 605 4543 Sic,
619 4490 749 4545 proque,
764 4472 811 4529 hic
825 4480 855 4530 et
868 4471 956 4529 infra.

115 4599 122 4631 ¹
155 4601 196 4654 Ex
208 4599 402 4671 autographo,
414 4598 445 4653 in
458 4599 559 4671 Epist.
580 4597 705 4670 Natini,
719 4597 757 4668 11,
772 4596 859 4654 unico
871 4597 935 4668 fol„
951 4597 1001 4668 184
1014 4596 1104 4671 (431).

114 4689 124 4720 ²
157 4689 340 4760 Brogelman.
1100 4759 1107 4779 θ

163 4783 246 4832 Emi.
261 4785 292 4831 P.
309 4785 411 4836 Nion.
425 4795 485 4830 rou.
502 4783 547 4829 111.
1112 4784 1140 4829 80
