3322 5370
498 476 535 519 20
553 463 728 519 anaunnu
749 469 817 533 1507
1182 463 1232 522 381

76 615 171 700 quello
191 618 249 685 che
264 615 421 686 desidera
437 617 502 684 alla
522 637 585 682 sua
604 614 801 683 Germania:
825 626 860 684 et
883 625 900 660 ⁸
919 613 954 684 in
977 615 1059 703 ogni
1081 628 1207 686 euento
1229 619 1277 684 mi

77 753 144 816 pare
157 733 288 800 sarebbe
303 733 410 800 molto
425 754 446 799 a
461 731 636 819 proposito
652 731 675 796 il
697 732 738 798 P.
758 730 1007 818 Ribadeneyra,
1025 733 1175 819 parendo
1195 736 1280 822 pero

76 847 132 912 aila
145 849 179 912 P.
200 849 240 914 V.
258 848 317 915 Ho
334 847 506 915 riceuutta
521 869 589 914 vna
603 848 724 915 lettera
739 846 795 913 del
811 848 852 913 P.
872 846 1056 928 Scoriccio,
1075 848 1162 915 nella
1175 850 1279 933 quale

77 959 213 1029 dimosha
227 965 331 1031 esser'
350 963 456 1031 molto
475 983 649 1029 commoso
665 962 776 1028 contr'
792 983 813 1028 a
829 960 931 1047 quelli
947 962 991 1028 de
1007 963 1198 1043 Monachi0,
1216 985 1279 1050 per

77 1077 173 1144 hauer’
188 1075 295 1144 inteso
311 1079 376 1144 che
391 1080 506 1146 hanno
523 1076 641 1144 scritto
658 1077 701 1144 de
724 1075 784 1157 lui,
803 1086 885 1157 etc,
908 1087 943 1146 et
963 1075 1010 1142 mi
1033 1098 1140 1164 prega
1163 1081 1219 1145 ch'
1244 1077 1280 1146 io

76 1190 223 1259 interoeda
238 1215 298 1279 per
312 1192 362 1259 lui
377 1213 444 1260 con
456 1195 498 1261 V.
513 1196 569 1273 Ρ.,
583 1191 679 1260 accio
690 1189 785 1280 possi
801 1192 917 1259 andar'
935 1193 992 1258 all'
1005 1192 1113 1272 India,
1128 1196 1191 1260 che
1207 1215 1276 1261 non

78 1306 325 1374 uuoleritornar’
342 1307 378 1374 in
401 1308 606 1395 Alamagna3
624 1307 756 1374 benchti
777 1307 810 1373 al
830 1306 900 1374 fine
922 1307 1011 1376 della
1034 1308 1155 1374 lettera
1178 1308 1207 1374 si
1230 1308 1277 1374 ri-

76 1423 234 1490 nettealla
247 1433 348 1491 santa
370 1422 569 1504 obedienza,
587 1433 622 1489 et
642 1443 724 1508 pare
744 1423 809 1490 che
832 1422 876 1490 da
899 1443 936 1488 se
959 1433 1069 1490 stesso
1092 1421 1120 1489 si
1144 1422 1274 1493 riduce.

77 1537 108 1602 V.
123 1539 156 1604 P.
170 1538 349 1623 procurari
365 1540 399 1604 d'
421 1537 566 1605 aiutarlo
581 1548 616 1606 et
638 1537 766 1604 ridurlo
789 1559 809 1603 a
832 1539 987 1604 chonon
1010 1536 1075 1603 stia
1098 1539 1187 1606 male
1211 1561 1277 1606 con

76 1650 158 1735 quelli
169 1654 208 1718 de
224 1652 418 1738 Monachio,
437 1662 474 1722 et
488 1653 593 1738 perda
610 1653 755 1738 qualche
770 1653 848 1719 mal’
863 1653 992 1732 affetto,
1008 1673 1044 1719 se
1057 1653 1146 1720 forse
1164 1657 1198 1719 n'
1212 1657 1275 1720 ha-

78 1764 143 1832 uesi.
160 1767 305 1838 Sarebbe
326 1766 421 1849 utile,
439 1766 562 1849 Padre,
582 1767 743 1856 (secondo
761 1767 825 1834 che
841 1767 941 1853 uedo)
957 1769 1022 1834 che
1038 1768 1175 1852 quando
1195 1789 1233 1838 se
1253 1769 1277 1834 ii

78 1881 102 1945 ia
113 1881 241 1965 qualche
256 1881 367 1951 simile
382 1881 626 1966 admonitione,
643 1903 713 1949 non
728 1891 870 1968 puotese
883 1892 1073 1967 sospettare
1085 1884 1149 1950 che
1160 1881 1196 1948 di
1208 1903 1276 1968 qua

79 1993 215 2079 iscntto,
233 2009 316 2078 etc.;
335 2006 370 2066 et
385 2000 546 2078 anchora,
564 1999 629 2064 che
652 1997 684 2066 le
705 2017 768 2065 sue
782 1996 903 2064 lettere
919 1999 984 2064 che
999 1996 1047 2062 lui
1069 1995 1194 2077 scriue,
1222 1999 1276 2064 fu-

79 2131 137 2177 sero
149 2111 241 2193 viste,
259 2113 411 2181 secondo
428 2113 453 2178 l'
466 2111 647 2180 ordinario.
663 2113 698 2178 Io
714 2111 739 2178 li
753 2111 878 2194 scriuo,
893 2110 1120 2194 animandolo,
1133 2134 1202 2180 vna
1212 2114 1277 2180 let-

79 2237 142 2305 tera,
157 2227 187 2294 la
199 2228 299 2314 quale
316 2229 361 2295 V.
382 2230 421 2295 P.
441 2227 617 2316 parendoli
633 2230 755 2314 puotra
771 2227 918 2314 legger’,
941 2239 976 2295 et
995 2227 1066 2294 fare
1090 2231 1153 2295 che
1180 2228 1204 2293 li
1227 2228 1277 2296 sia

79 2339 137 2406 data
149 2353 286 2424 cenata3
305 2352 341 2411 et
357 2346 417 2409 un'
434 2344 520 2410 altra
536 2343 630 2409 uolta
645 2343 679 2409 lo
699 2342 924 2409 raccomando
940 2364 960 2408 a
975 2343 1019 2410 V.
1047 2345 1102 2424 Ρ.,
1128 2345 1193 2412 che
1214 2366 1277 2431 per

79 2475 151 2521 anor
164 2457 204 2525 de
221 2455 285 2524 Dio
302 2458 325 2523 l'
343 2457 426 2524 aiuti
443 2459 482 2524 in
497 2459 660 2525 Domino.
678 2459 715 2524 10
737 2456 784 2522 mi
804 2467 901 2543 parto
921 2457 1042 2544 hoggi,
1069 2459 1191 2539 Padre,
1215 2481 1278 2548 per

82 2569 205 2639 Colonia:
223 2594 264 2639 so
279 2583 371 2640 stato
385 2573 445 2661 piu
460 2573 495 2639 di
516 2574 631 2659 quello
647 2574 712 2641 che
732 2593 896 2659 pensaua,
919 2583 1018 2658 parte
1040 2595 1100 2660 per
1123 2576 1276 2643 hauermi

82 2695 221 2754 hatenuto
239 2697 336 2754 tanto
351 2691 405 2756 co'
422 2689 445 2754 l'
463 2688 697 2769 arciuescouo,
715 2697 811 2774 parte
831 2709 892 2773 per
907 2687 1003 2754 molti
1019 2689 1161 2776 negotii,
1180 2701 1276 2775 parte

81 2819 178 2867 ancora
190 2825 249 2890 per
264 2823 360 2872 esser
374 2813 606 2890 soprauenute
621 2804 654 2871 le
672 2801 863 2870 fundationi
880 2804 914 2869 d'
932 2803 1109 2890 Herbipoli
1125 2816 1160 2873 et
1175 2805 1275 2891 Spira

82 2917 189 2996 quando
202 2940 260 2988 ero
276 2941 340 3004 per
354 2918 491 3007 partire;
510 2917 555 2986 nc
571 2922 617 2983 m'
635 2921 682 2984 ho
699 2918 780 2984 dato
796 2929 891 2985 tanta
913 2920 999 2986 freta
1023 2941 1120 2986 come
1140 2922 1273 3005 soleua,

82 3039 105 3092 et
115 3037 208 3098 tamen
220 3055 286 3100 son
297 3045 391 3101 stato
404 3055 538 3120 sempre
552 3043 710 3119 ocupato.
723 3033 751 3100 11
766 3031 974 3118 prouinciale
984 3045 1082 3120 parte
1094 3035 1202 3122 hoggi
1215 3058 1276 3122 per

82 3141 166 3228 Spira,
180 3169 273 3216 come
289 3151 335 3216 ho
352 3149 447 3216 detto
463 3149 542 3217 nell’
561 3149 659 3229 altra,
677 3160 712 3215 et
732 3146 825 3233 dipoi
841 3148 966 3214 andarai
984 3159 1075 3216 recta
1091 3171 1112 3216 a
1128 3149 1274 3233 Treuiri,

83 3263 322 3348 etn'aspettara
333 3261 378 3345 la,
389 3264 512 3350 perch&
523 3262 704 3330 habbiamo
716 3274 839 3350 saputo
850 3261 1011 3330 hiericho
1023 3264 1045 3327 l’
1055 3263 1276 3332 arciuescouo

83 3370 232 3444 diTreuiri
248 3379 266 3447 ὲ
283 3389 407 3460 mort0,
422 3389 456 3446 et
468 3377 500 3446 ci
516 3379 646 3466 sparso
661 3401 682 3445 a
697 3377 778 3444 tutti
791 3375 848 3444 doi
859 3380 936 3460 che,
954 3379 1086 3464 spedito
1102 3379 1125 3444 il
1137 3381 1278 3466 negotio

85 3485 209 3575 dispira,
221 3493 300 3561 vadi
313 3494 358 3574 la,
372 3505 407 3563 et
420 3514 489 3561 non
501 3494 520 3563 ὲ
532 3505 621 3561 stato
633 3491 825 3562 necessario
837 3492 970 3559 lasciar'
984 3503 1104 3578 questo
1116 3494 1150 3560 di
1162 3496 1274 3580 Spira,

87 3607 182 3684 perth&
192 3609 234 3675 mi
245 3609 380 3676 asicura
393 3611 479 3677 Mro.
494 3608 648 3677 Antonio
660 3611 724 3676 che
736 3629 805 3674 non
820 3593 995 3694 natiscono
1007 3608 1123 3677 niente
1134 3609 1158 3675 li
1170 3610 1275 3677 nostri

89 3713 114 3780 in
120 3719 243 3804 Treuiri,
254 3735 289 3792 et
300 3727 416 3792 hanno
428 3723 633 3810 proinsione.
645 3723 817 3809 Tuttavia,
828 3723 965 3808 quando
974 3724 1049 3791 sari
1058 3726 1142 3791 fatto
1154 3724 1178 3790 il
1187 3746 1277 3792 nouo

91 3832 289 3920 arciuescouo,
303 3841 321 3908 ὲ
334 3839 526 3910 necessario
538 3842 602 3908 che
614 3839 679 3907 stia
690 3839 735 3919 la,
749 3837 783 3904 in
796 3848 891 3906 tanto
903 3842 967 3907 che
982 3838 1015 3905 io
1031 3861 1158 3926 vengo.
1178 3840 1277 3908 Altro

91 3963 141 4011 non
153 3963 281 4025 occorre'
295 3977 358 4042 per
375 3965 507 4042 questa.
529 3955 703 4022 Dominus
717 3955 763 4019 sit
785 3954 969 4020 nobiscum.
993 3954 1068 4021 Ora
1082 3963 1150 4041 pro
1170 3956 1276 4036 nobit,

93 4057 183 4132 Pater,
200 4070 283 4136 Nelli
299 4070 390 4138 santi
409 4069 567 4138 sacrificii
587 4079 622 4139 et
642 4069 787 4136 orationi
801 4069 882 4138 delli
898 4069 1000 4136 Padri
1020 4070 1204 4152 assistenti,
1222 4071 1277 4137 dei

92 4169 120 4237 P·
135 4178 279 4267 PolancO,
297 4188 338 4253 P.
357 4185 503 4268 Madrid,
526 4195 608 4267 etc,
630 4185 735 4252 molto
755 4183 785 4251 si
805 4185 1111 4253 raccomandiamo.
1130 4187 1184 4254 Da
1201 4189 1277 4253 Mo-

91 4291 193 4376 guutia,
209 4299 260 4366 alii
276 4320 320 4369 20
334 4301 380 4372 dc
394 4302 544 4369 Febraro
565 4301 660 4385 1567.
679 4302 723 4368 D.
743 4302 785 4367 P.
805 4299 848 4367 V.
868 4319 969 4367 seruo
985 4323 1028 4368 en
1045 4301 1123 4383 X.⁰,

849 4413 871 4504 †
909 4415 1099 4592 Noqsthi

96 4597 268 4627 x-

136 4659 149 4694 ⁸
171 4653 293 4732 Sequitur
305 4661 364 4721 cosi
377 4666 565 4722 obliteratum
578 4682 595 4720 a
607 4665 677 4720 libr.
