3482 5386
424 450 477 519 776
858 452 963 508 ΕΡιετ.
983 451 1017 505 Ρ.
1039 450 1151 506 Naum.

387 601 527 686 aliquid,
547 621 635 687 quae
649 604 691 669 R.
712 605 752 670 P.
772 602 925 670 visitator
941 605 985 670 de
1004 603 1107 674 huius
1122 601 1342 688 oenipontani
1357 600 1492 688 collegii
1507 601 1599 668 rebus

388 690 580 756 constituit.
592 691 732 758 Nullum
745 703 818 758 erat
829 692 1013 778 collegium
1026 691 1215 778 prouintiae
1225 702 1376 772 nostrae,
1386 692 1474 776 quod
1484 689 1597 758 maiore

388 779 524 864 quidem
538 779 731 847 uisitatione
744 801 784 846 ac
796 781 1046 862 reformatione,
1059 791 1137 857 tum¹
1143 780 1179 846 in
1188 779 1312 866 capite,
1322 790 1395 844 tum
1406 779 1440 844 in
1452 779 1599 845 membris

387 868 524 952 egebat.
543 870 661 953 ltaque
677 871 821 934 multum
837 891 939 936 curae
950 881 985 936 et
1001 872 1125 938 laboris
1139 872 1251 935 bonus
1268 872 1371 935 Pater
1382 867 1549 954 impendit,
1564 877 1597 934 ut

387 955 566 1023 renouatio
581 957 747 1059 quaedam
765 959 868 1025 totius
883 958 1019 1045 collegii
1039 968 1225 1060 appareret.
1250 960 1403 1026 Mutatus
1418 967 1470 1023 est
1483 968 1594 1035 rector,

387 1055 421 1110 et
438 1046 630 1112 necessario
656 1046 805 1148 quidem,
825 1058 862 1112 ut
877 1069 944 1134 ego
964 1047 1081 1112 monui
1102 1069 1215 1132 saepe.
1235 1049 1279 1112 Et
1300 1067 1379 1112 cum
1399 1045 1534 1130 antiquo
1549 1067 1596 1111 re-

387 1141 482 1202 ctore
497 1136 641 1199 multum
658 1135 787 1220 negotii
803 1136 868 1200 suit
873 1135 956 1222 ,qui
973 1157 1076 1222 aegre
1089 1139 1226 1203 tandem
1247 1137 1400 1221 placatus
1419 1147 1482 1214 est,
1503 1144 1536 1200 et
1549 1157 1597 1201 se-

388 1220 474 1287 niori
492 1223 631 1308 reginae
651 1223 771 1290 donari
793 1224 921 1291 debuit.
945 1225 1044 1292 Faxit
1069 1227 1176 1305 Deus,
1194 1234 1232 1288 vt
1248 1223 1385 1309 quietus
1403 1222 1459 1290 ille
1478 1231 1598 1288 maneat

388 1310 424 1375 in
439 1332 502 1376 sua
518 1311 709 1393 vocatione,
732 1334 844 1397 neque
866 1315 982 1378 turbas
997 1313 1123 1381 excitet
1143 1334 1251 1379 nouas
1271 1333 1363 1378 nouo
1383 1311 1513 1378 rectori.
1535 1311 1597 1378 Sub

387 1420 494 1485 aegro
507 1400 619 1485 capite
632 1400 783 1469 membra
795 1402 903 1468 multa
914 1403 1137 1487 languebant.
1158 1401 1266 1486 Igitur
1278 1402 1442 1484 quosdam
1454 1421 1473 1465 e
1488 1398 1599 1464 nostris

390 1490 493 1553 Pater
509 1488 575 1553 alio
595 1489 698 1572 misit,
722 1500 760 1555 ut
780 1490 905 1556 rectius
926 1491 1103 1570 haberent,
1126 1490 1232 1557 ethic
1253 1488 1317 1556 sibi
1334 1489 1475 1574 aliisque
1500 1488 1599 1553 minus

388 1576 690 1644 incommodarent.
722 1579 844 1646 Mutati
872 1590 951 1645 sunt
971 1579 1126 1644 nonnulli
1153 1589 1409 1664 praeceptores,
1430 1588 1464 1643 et
1491 1575 1598 1644 retenti

390 1664 527 1748 quidam
549 1689 590 1732 ex
612 1666 722 1734 missis
743 1690 851 1753 nuper
871 1669 914 1733 ab
929 1669 1024 1747 vrbe,
1049 1678 1087 1733 ut
1098 1671 1250 1756 Joannes
1270 1668 1394 1752 anglus
1413 1678 1448 1732 et
1463 1667 1598 1753 Jacobus

388 1753 560 1838 spirensis.
577 1758 630 1822 De
645 1755 730 1835 aliis,
745 1778 832 1840 quae
844 1758 1028 1843 prudenter
1040 1758 1095 1823 uel
1107 1767 1249 1836 mutata,
1268 1755 1344 1822 uel
1335 1754 1487 1855 instituta
1502 1756 1596 1832 luere,

390 1863 459 1906 non
475 1862 576 1927 agam
589 1843 624 1908 in
640 1845 759 1929 spetie.
779 1848 877 1912 Bona
893 1856 944 1912 est
960 1866 1037 1932 spes
1053 1847 1137 1926 fore,
1155 1857 1192 1910 vt
1207 1847 1392 1913 accedente
1404 1841 1483 1908 noui
1498 1852 1596 1908 recto·

391 1929 436 1995 ris
451 1930 640 2031 vigilantia,
655 1934 836 2018 collegium
853 1937 918 2000 hoc
935 1934 1030 2020 quasi
1047 1933 1256 2012 restituatur,
1271 1943 1305 2000 et
1321 1934 1363 2000 ad
1376 1930 1527 1998 amissam
1542 1933 1595 1998 So-

390 2017 523 2084 cietatis
535 2020 743 2106 disciplinam
756 2023 852 2090 breui
866 2034 1056 2090 reuocetur.
1072 2025 1153 2090 Huc
1165 2022 1360 2106 frequentes
1374 2020 1483 2088 Patris
1491 2022 1596 2086 exhor

391 2107 537 2176 tationes
552 2121 587 2175 et
603 2110 750 2195 scriptae
766 2113 861 2198 leges
877 2114 1069 2189 conferunt,
1088 2113 1280 2194 bonamque
1295 2110 1435 2176 fratrum
1453 2110 1595 2174 uolunta-

392 2206 460 2260 tem
477 2209 641 2264 renouata
657 2198 691 2263 in
709 2201 856 2266 Domino
872 2213 951 2267 vota
962 2162 1176 2266 confiimant
1196 2201 1313 2284 Quare
1324 2198 1460 2264 diuinae
1472 2193 1595 2262 bonitati

390 2285 519 2369 gratias
535 2287 683 2371 agimus,
702 2309 788 2371 quae
805 2289 878 2374 pios
894 2289 1078 2356 visitatoris
1094 2298 1236 2354 conatus
1252 2287 1300 2354 ita
1320 2287 1435 2354 felices
1455 2283 1594 2358 reddidit,

393 2384 431 2436 ut
448 2394 571 2458 magna
588 2398 628 2443 ex
646 2386 740 2460 parte
757 2378 865 2442 huic
851 2401 922 2480 Jam
935 2378 1082 2463 collegio
1095 2387 1312 2463 prospectum
1325 2397 1400 2444 esse
1417 2373 1593 2440 uideatur...

392 2463 485 2527 luter
506 2463 570 2530 alia
592 2463 758 2530 iudicauit
780 2469 819 2532 P.
842 2467 996 2533 visitator
1017 2468 1232 2552 sepeliendos
1251 2465 1350 2531 nobis
1371 2486 1445 2532 esse
1465 2474 1595 2527 mortuos

392 2550 512 2616 Patres
535 2571 576 2616 ac
598 2553 719 2620 fratres
739 2555 880 2640 perinde
896 2577 935 2620 ac
956 2557 1083 2622 Romae
1103 2555 1177 2622 fieri
1192 2555 1290 2621 solet
1314 2552 1421 2638 Qua
1413 2575 1446 2618 m
1464 2573 1498 2618 re
1512 2560 1594 2636 puta·

393 2659 471 2704 mus
487 2641 727 2708 remittendum
743 2664 818 2710 esse
834 2643 972 2745 aliquid,
991 2653 1041 2723 ut,
1059 2643 1161 2709 sicuti
1182 2643 1216 2708 in
1237 2640 1531 2708 constitutionibus
1544 2658 1594 2702 no-

391 2727 471 2792 stris
487 2740 539 2793 est
556 2730 751 2812 admissum,
771 2733 949 2818 regionum
969 2732 1125 2798 varietati
1145 2753 1207 2797 nos
1227 2731 1483 2797 accommodare
1504 2725 1592 2813 possi

391 2837 479 2881 mus
500 2819 577 2883 Non
594 2819 787 2886 uestiuntur
802 2823 893 2906 apud
915 2843 977 2887 nos
992 2819 1128 2900 mortui,
1151 2843 1219 2885 non
1240 2820 1441 2886 deferuntur
1458 2819 1592 2884 ardentes

390 2906 565 2988 candelae,
580 2917 614 2974 et
627 2908 685 2974 ubi
698 2930 767 2974 non
779 2921 831 2976 est
843 2911 1006 2996 templum
1019 2909 1120 2976 nobis
1131 2931 1171 2974 ac
1182 2908 1416 2975 coemiterium
1428 2905 1590 2992 proprium,

391 2993 528 3060 difficile
544 2957 587 3060 sit
607 3019 648 3064 ea
668 3009 816 3077 cantare,
840 3019 928 3085 quae
948 3000 1077 3066 Romae
1098 2997 1204 3063 nostri
1226 2997 1317 3063 circa
1344 2998 1501 3063 feretrum
1520 2991 1592 3089 psal-

391 3083 494 3149 lendo
510 3085 707 3169 expediunt.
737 3086 911 3171 Quicquid
939 3089 1081 3154 ueroP.
1109 3088 1150 3152 T.
1175 3085 1384 3171 probauerit,
1403 3107 1470 3151 non
1491 3077 1593 3170 poterit

392 3171 495 3238 nobis
508 3194 576 3238 non
593 3174 825 3260 gratissimum
842 3197 959 3244 esse...

945 3343 1074 3410 XXVII

769 3475 802 3532 P.
824 3475 1076 3533 Lnunsumus
1096 3474 1248 3533 ntnfflus

599 3611 803 3684 sancto·
833 3613 1121 3660 runuctsco
1160 3613 1219 3659 os
1253 3610 1412 3672 BoaJn

680 3726 918 3808 Vindobonae,
935 3746 977 3794 20
989 3725 1192 3794 Novembris
1208 3727 1291 3809 1566
1306 3728 1328 3791 ¹.

605 3861 654 3914 Ad
666 3861 811 3934 synodum
821 3861 1041 3932 provincialem
1055 3859 1201 3914 Polom'ae
1213 3863 1404 3913 convocatur.

462 3975 604 4052 Perche,
624 3974 739 4059 doppo
756 3977 787 4040 le
803 3975 920 4076 ultime
936 3975 1014 4052 mie,
1038 3977 1083 4039 ho
1111 3974 1267 4042 riceuuto
1286 3975 1408 4040 lettere
1424 3972 1458 4037 di
1475 3962 1588 4037 Polonia

393 4061 505 4128 dalP.
526 4063 750 4145 Francism,
769 4063 814 4129 mi
831 4065 850 4130 ὁ
867 4085 965 4148 parso
985 4026 1178 4150 significare
1195 4063 1317 4129 allaP.
1339 4062 1382 4128 V.
1401 4063 1515 4127 alcuna
1528 4069 1590 4120 cosa

393 4150 429 4215 di
446 4152 570 4242 quelle.
586 4151 663 4237 Egli
679 4152 725 4217 mi
738 4153 850 4218 scriue
863 4155 927 4218 che
938 4173 996 4237 per
1012 4152 1131 4220 ordine
1143 4151 1178 4217 di
1194 4153 1232 4220 S.
1252 4154 1369 4220 Sta.s1
1359 4149 1432 4217 ha
1446 4148 1478 4214 di
1495 4147 1522 4212 la
1524 4162 1551 4208 re
1564 4137 1589 4200 itt

395 4239 554 4306 Polonia
555 4262 623 4306 una
650 4241 770 4308 sinodo
794 4241 1001 4328 prouinciale
1021 4263 1042 4306 a
1049 4252 1186 4348 questo
1203 4241 1337 4322 Natale,
1354 4249 1390 4306 et
1406 4239 1497 4306 che
1486 4259 1503 4303 e
1518 4237 1590 4296 tanl⁰

393 4330 592 4398 necessario
608 4331 691 4397 ch’'
682 4353 714 4398 10
731 4353 767 4397 ut
758 4331 883 4409 uada,
901 4340 1029 4415 quanto
1045 4325 1063 4396 ὲ
1077 4327 1271 4398 necessario
1283 4330 1307 4393 il
1320 4350 1407 4414 pane
1419 4317 1589 4414 perlinita

452 4537 460 4569 ¹
497 4537 541 4591 Ex
557 4533 629 4592 Cod.
644 4547 682 4603 29
690 4535 735 4606 s),
750 4548 785 4606 59
798 4537 872 4606 (50).

447 4624 460 4656 ¹
496 4624 670 4680 Franciscus
683 4623 785 4696 Sunye
798 4625 926 4695 (Sunier,
943 4624 1115 4692 Sunnerlus,
1131 4630 1188 4679 etc.
1203 4623 1275 4679 alibi
1287 4620 1411 4692 dictus).
