3482 5386
706 541 876 596 Aaronom
1311 544 1364 614 817

157 689 244 758 aliis
269 693 311 757 Τ
315 699 347 733 ⁸⁶
368 693 410 759 R
413 699 444 734 ae
465 689 632 778 collegiis,
650 713 729 758 cum
745 691 808 780 ipsi
799 691 1040 760 commodum
1058 693 1173 775 luerit,
1190 716 1258 762 non
1279 697 1400 764 dubito

158 779 254 864 quin
270 779 416 846 libenter
431 779 476 846 sit
496 779 734 881 praestiturus,
752 801 868 866 eaque
883 784 924 849 T
928 792 945 825 ²
979 783 1021 852 R
1023 792 1040 827 ⁸
1059 782 1120 864 illi,
1138 803 1216 850 cum
1232 797 1397 885 opportu-

158 889 255 934 num
266 879 328 935 aut
343 867 574 935 necessarium
590 868 805 949 indicauerit,
823 882 1001 972 proponet3
1020 881 1148 972 tuaque
1163 872 1279 940 omnia
1294 875 1397 942 colle·

159 955 241 1042 gia,
261 956 512 1041 ubicumque
483 979 515 1024 ει
531 957 697 1043 placuerit
718 959 932 1038 commorari,
950 959 1051 1047 cupio
1073 971 1111 1026 ut
1126 971 1277 1047 pateant,
1295 973 1399 1048 atque

160 1046 294 1112 adeoa
314 1048 375 1115 Τ)
394 1047 477 1126 ιι),
501 1055 662 1130 tanquam
683 1046 862 1149 mihiipsi,
886 1010 1085 1116 offerantur.
1109 1048 1286 1133 Optimum
1306 1051 1397 1118 enim

160 1154 303 1236 senem,
321 1145 355 1202 et
371 1145 563 1202 nostrarum
580 1157 693 1204 rerum
710 1134 962 1220 peritissimum,
980 1137 1090 1205 redire
1106 1139 1148 1204 ad
1165 1159 1240 1219 uos,
1254 1149 1293 1204 ut
1304 1141 1397 1206 bono

160 1220 279 1290 omini
296 1234 412 1290 uestro
427 1244 503 1292 esse
518 1223 648 1304 ιιιιοο,
639 1234 686 1290 ita
703 1245 771 1290 non
788 1225 907 1291 dubito
904 1225 1006 1328 'quin
1022 1249 1064 1295 err
1084 1225 1236 1294 eiusdem
1258 1227 1395 1298 diuinae

158 1310 406 1398 prouidentiae
418 1310 640 1396 dispositione
652 1313 843 1399 proueniat;
855 1313 946 1398 quia,
962 1313 1107 1382 mirabili
1118 1315 1220 1383 huius
1233 1318 1395 1402 apostoli-

156 1421 229 1468 cae
248 1399 345 1466 sedis
367 1400 535 1468 beneficio
557 1421 646 1502 erga
672 1402 905 1484 Germaniam,
935 1424 1105 1472 summum
1133 1404 1331 1490 pontificem
1352 1407 1394 1534 ad

155 1509 350 1576 germanos
365 1487 535 1557 iuuandos
555 1487 738 1559 induxit&

229 1578 337 1662 Quod
350 1598 433 1644 uero
447 1578 491 1643 ad
503 1577 592 1644 illius
605 1579 719 1645 studia
730 1579 889 1680 pertinet,
904 1601 981 1646 cum
994 1579 1068 1666 ipsa
1081 1582 1128 1647 ad
1135 1579 1214 1647 fidei
1227 1581 1283 1648 uel
1294 1561 1401 1650 restie

155 1665 345 1746 tutionem,
365 1667 420 1734 uel
437 1666 717 1752 propagationem
734 1667 847 1734 animo
863 1668 1060 1735 iamdudum
1077 1671 1327 1750 conuerterit',
1346 1672 1394 1737 si

157 1755 274 1840 quid
264 1775 339 1856 ipse
354 1755 556 1823 indicauerit
567 1756 799 1838 scribendum,
818 1779 858 1824 ae
878 1759 972 1843 quod
985 1757 1134 1843 denique
1152 1759 1296 1826 edatur
1287 1782 1322 1824 m
1339 1759 1394 1825 lu

158 1865 256 1946 oem,
276 1843 341 1910 tria
356 1843 457 1929 cupio
472 1845 658 1911 obseruari:
679 1845 843 1927 Primum,
863 1858 900 1912 ut
920 1847 965 1915 de
981 1869 1016 1912 re
1029 1857 1101 1913 tota
1117 1868 1195 1912 cum
1223 1847 1394 1950 aliquibus

159 1933 264 2018 prius
280 1944 415 2018 agatur,
434 1931 655 2001 seilicetcum
672 1937 712 2000 T.
717 1944 733 1977 ⁸
754 1937 836 2014 R.,²
855 1936 896 2004 P.
914 1934 1064 2037 Capisio,
1084 1938 1125 2004 P.
1144 1935 1282 2036 Ριίιιιιο,Ι
1294 1957 1345 2016 ac,
1364 1937 1393 2002 si

162 2020 355 2100 uidebitur,
375 2022 414 2086 P.
433 2022 575 2088 Peltano
593 2023 647 2091 uel
664 2025 703 2090 P
723 1985 894 2104 Torrebsi,
914 2023 972 2109 qui
992 2024 1026 2089 in
1045 2023 1111 2090 ista
1132 2024 1306 2109 prouincia
1326 2036 1390 2104 est,

162 2110 227 2195 qui
247 2111 306 2176 ubi
320 2109 528 2196 dispexerint
555 2111 661 2196 quid
651 2122 747 2178 iuxta
774 2112 881 2178 nostri
903 2111 1050 2178 instituti
1076 2111 1240 2181 rationem
1257 2113 1401 2198 publico·

161 2197 278 2284 possit
298 2199 476 2264 commodo
504 2199 701 2282 conuenire,
721 2212 793 2266 tum
817 2203 860 2268 ad
877 2221 931 2266 me
949 2215 1081 2268 uestrae
1108 2201 1298 2268 sententiae
1313 2202 1393 2267 mit-

164 2299 299 2367 tantur,
329 2287 465 2373 quibus,
488 2289 563 2356 Deo
589 2289 705 2370 dante,
724 2289 974 2374 quamprimum
994 2291 1218 2375 respondebo.
1242 2291 1329 2358 Nam
1349 2292 1393 2356 ad

162 2375 353 2445 Societatis
368 2376 470 2442 etiam
486 2375 686 2462 dignitatem
707 2400 777 2444 non
797 2399 917 2463 parum
939 2377 1096 2462 pertinet,
1116 2389 1153 2444 ut
1169 2400 1258 2462 quae
1278 2378 1391 2463 prodi-

163 2477 246 2531 tura
259 2463 387 2531 suntin
399 2466 523 2546 lucem,
538 2488 578 2534 ea
590 2466 847 2534 meditatissime
859 2465 1006 2551 primum
1017 2477 1052 2532 et
1064 2477 1197 2532 mature
1209 2468 1392 2532 consulan-

162 2565 237 2634 tur,
252 2563 292 2626 ιιι
304 2565 468 2639 perpetua
480 2556 617 2622 tandem
633 2555 747 2621 futura
758 2557 837 2622 sint.
854 2555 1010 2622 Alterum
1024 2567 1087 2633 est,
1103 2565 1141 2620 ut
1154 2554 1316 2640 quicquid
1328 2558 1393 2621 hac

160 2643 208 2710 de
232 2664 270 2708 re
291 2645 462 2727 agendum
479 2652 543 2724 est,
561 2645 661 2728 plane
681 2655 813 2712 secreto
834 2643 905 2722 fiat,
929 2655 967 2708 ut
988 2663 1031 2709 ne
1048 2645 1184 2727 quando
1199 2643 1390 2729 contingat,

161 2731 260 2818 quod
277 2731 358 2797 alias
374 2730 509 2809 accidit,
529 2742 567 2798 ut
583 2745 749 2816 concepta
764 2754 824 2817 spe
841 2731 979 2798 uidendi
995 2731 1162 2799 eiusmodi
1176 2731 1279 2799 libros
1292 2753 1394 2798 mun-

161 2823 233 2886 dus
245 2819 394 2904 denique
407 2821 601 2900 frustretur,
614 2821 705 2904 quod
719 2821 854 2898 quidem
869 2822 983 2906 plures
995 2821 1039 2888 ob
1052 2841 1173 2887 causas
1186 2830 1298 2906 potest
1310 2842 1393 2888 eue-

163 2909 255 2974 nire
272 2909 425 2976 Tertium
438 2918 501 2987 est,
518 2921 555 2975 ut
567 2930 645 2976 cum
658 2931 721 2974 nos
732 2910 875 2996 primam
889 2910 1053 2978 rationem
1066 2911 1192 2978 habere
1207 2910 1394 2976 debeamus

164 3018 301 3076 eorum,
316 2997 441 3081 quibus
456 3020 498 3065 ex
511 2996 719 3084 obligatione
731 2999 953 3086 collegiorum
967 2999 1202 3065 fundatoribus
1213 2999 1391 3081 debemus,

163 3089 256 3154 haec
269 3085 381 3172 specie
397 3086 497 3154 alieni
513 3097 572 3153 aut
581 3051 715 3170 publici
727 3088 806 3153 boni
820 3109 862 3154 ne
879 3087 1148 3187 interturbeptur
1160 3097 1220 3153 aut
1231 3086 1393 3152 omittan

164 3187 237 3242 tur.
257 3176 306 3240 lta
323 3196 422 3260 spero
443 3175 558 3242 omnia
578 3175 729 3242 suauiter
748 3189 927 3256 euentura,
946 3198 1034 3261 quae
1050 3175 1079 3241 si
1107 3175 1153 3241 ita
1170 3175 1390 3260 contigerint,

162 3285 238 3329 non
254 3262 319 3330 erit
334 3265 412 3332 leue
427 3273 674 3366 argumentum
686 3264 821 3333 diuinae
837 3265 1023 3331 uoluntatis
1036 3266 1123 3330 hanc
1136 3263 1393 3364 dispositionem

163 3352 275 3455 fuisse
279 3373 385 3435 ,quae
397 3351 499 3418 etiam
513 3352 607 3438 operi
620 3353 676 3418 isti
688 3375 824 3419 manum
837 3375 932 3420 suam
945 3352 1107 3438 porriget
1119 3365 1156 3417 ut
1169 3351 1203 3417 in
1216 3352 1269 3417 sui
1284 3351 1391 3417 nomi-

163 3441 221 3508 nis
237 3403 381 3526 gibriam
401 3442 610 3526 perficiatur.
630 3445 736 3508 Porro
756 3445 799 3508 ad
815 3444 900 3508 haec
916 3441 1132 3525 praestanda,
1149 3440 1177 3506 si
1195 3461 1263 3524 quo
1279 3439 1394 3506 scriba

164 3531 224 3596 uel
241 3529 395 3598 adiutore
415 3531 531 3615 egebit
552 3531 606 3596 hic
632 3533 745 3610 Pater,
764 3531 835 3597 scio
851 3533 892 3598 T.
912 3533 998 3597 RQ
1025 3530 1127 3616 (quod
1143 3527 1280 3612 quidem
1309 3529 1391 3594 mihi

164 3618 232 3687 erit
260 3621 470 3704 pergratum)
498 3641 566 3685 non
594 3621 804 3697 defuturum,
835 3620 1121 3704 quemadmodum
1143 3618 1243 3685 etiam
1261 3617 1335 3683 aliis
1356 3617 1391 3683 in

164 3707 339 3787 omnibuS,
369 3728 457 3791 quae
475 3710 519 3775 ad
539 3708 629 3774 illius
655 3709 841 3775 senectutis
862 3707 1032 3787 solatium,
1052 3717 1087 3774 et
1113 3707 1157 3772 ad
1171 3706 1391 3772 animandum

164 3799 297 3862 bonum
313 3798 405 3862 hunc
428 3798 563 3864 Patrem
580 3798 811 3883 pertinebunt,
842 3819 961 3865 reuera
988 3794 1153 3881 percupio
1170 3806 1208 3862 ut
1228 3818 1248 3861 a
1264 3794 1393 3862 nostris

165 3883 327 3951 omnibus
344 3887 409 3950 hoc
425 3886 535 3971 ipsum
549 3899 700 3954 curetur.
716 3888 819 3971 Quod
831 3887 874 3952 ad
886 3885 960 3952 eius
977 3884 1141 3950 uiaticum
1157 3884 1290 3962 attinet,
1306 3883 1399 3948 nihil

165 3973 282 4040 oneris
300 3985 432 4041 uestrae
452 3974 648 4060 prouinciae
666 3975 861 4060 impositum
878 3986 942 4056 est,
966 3973 1103 4039 aliunde
1119 3973 1208 4039 enim
1222 3971 1391 4040 Dominus

164 4061 330 4148 prouidit.
344 4063 413 4132 Sed
429 4065 521 4147 quod
536 4065 577 4129 ad
595 4065 737 4131 aliorum
751 4065 905 4144 fratrum,
920 4062 978 4148 qui
995 4063 1108 4130 isthuc
1122 4085 1247 4130 uenere
1258 4081 1388 4146 expen-

164 4173 223 4218 sas
235 4162 379 4235 spectat,
389 4152 593 4220 secretarius
604 4153 647 4218 ad
659 4175 722 4219 uos
733 4175 809 4220 meo
820 4153 958 4220 nomine
968 4151 1106 4233 scribet,
1115 4162 1150 4217 et
1160 4151 1217 4216 illa
1229 4149 1386 4237 pecunia,

164 4261 233 4325 que
255 4239 382 4305 idcirco
403 4252 545 4323 accepta
564 4252 617 4309 est
637 4263 657 4307 a
677 4241 943 4324 mercatoribus,
967 4240 1216 4325 quamprimum
1243 4261 1263 4306 a
1291 4238 1395 4304 uobis

163 4329 317 4396 curanda
333 4329 408 4408 erit,
429 4341 466 4396 ut
482 4331 567 4398 fides
585 4342 742 4399 seruetur
763 4333 817 4399 ³...
837 4333 976 4409 Romae,
1001 4346 1037 4412 15
1055 4328 1111 4396 die
1128 4328 1267 4414 Aprilis,
1291 4344 1388 4410 1574.

219 4523 343 4579 ¹Vide
357 4523 449 4595 epist.
466 4523 531 4593 3693
546 4522 610 4592 3843
624 4523 686 4593 3863
702 4523 764 4594 3973
778 4522 841 4594 399·
857 4531 914 4578 ete.

217 4613 344 4669 Vide
356 4614 446 4685 epist
465 4613 529 4682 5133
544 4615 610 4683 518,
624 4633 656 4668 n.
674 4627 701 4682 5;
717 4623 747 4668 et
760 4625 826 4683 554

221 4703 232 4735 ³
269 4702 441 4775 Sequuntur
453 4702 510 4758 alia
523 4703 633 4758 dec
576 4721 633 4774 neg
636 4703 702 4758 otiis
715 4702 751 4758 ad
765 4703 899 4758 Natalem
914 4719 971 4757 non
985 4702 1197 4774 spectantibus.

304 4825 390 4871 Errsr.
405 4826 434 4872 P.
451 4827 550 4881 Νιιιιιι,
567 4838 622 4872 τοιι.
640 4827 686 4872 lll.
1233 4827 1262 4871 ιι
