3318 5376
415 475 469 546 344
800 477 903 532 Eersr.
925 475 958 530 P.
979 473 1182 543 Ninon-457

376 649 461 696 uero
483 628 517 694 la
537 647 655 708 euoca3
675 637 710 694 et
725 627 862 712 quando
890 635 1011 712 questo
1027 623 1143 692 nonsi
1169 625 1319 692 concede
1345 623 1401 692 alli
1425 623 1591 710 oppidani,

375 745 449 811 loro
467 741 641 812 medesimi
669 741 821 829 pigliano
837 744 896 808 vn'
921 741 1084 822 hererico,
1107 750 1142 807 et
1165 741 1379 810 confondeno
1401 738 1487 826 ogni
1507 759 1590 806 cosa.

375 859 508 942 Questo
524 859 543 924 e
560 880 606 923 vn
627 855 854 944 grandissimo
870 857 970 939 male,
997 857 1119 935 Padre,
1141 854 1177 921 in
1198 855 1400 942 Alamagna.
1419 855 1457 921 lo
1477 853 1591 921 dicero
1641 844 1642 928 t

373 971 456 1053 cosi,
477 973 599 1050 padre,
618 971 867 1038 ricordandomi
882 971 917 1037 di
934 971 1047 1057 quello
1070 973 1135 1039 che
1151 971 1253 1038 fanno
1273 970 1297 1036 li
1319 970 1426 1037 nostri
1442 970 1524 1038 nell'
1541 971 1590 1035 ln·
1641 929 1642 1014 i

371 1087 439 1167 dia,
458 1109 496 1156 se
511 1089 579 1156 ben
596 1086 642 1153 mi
657 1087 804 1155 ricordo:
823 1091 858 1154 vt
873 1089 1168 1174 coniungerentur
1183 1086 1270 1152 duae
1283 1063 1339 1151 nel
1355 1091 1434 1168 tres,
1452 1086 1507 1151 uel
1516 1087 1590 1170 pln-

372 1224 428 1268 res
444 1204 546 1268 etiarn
562 1203 778 1287 parrochiae,
799 1213 834 1271 et
856 1204 888 1269 la
904 1223 986 1269 cura
1007 1203 1050 1269 de
1066 1211 1154 1269 tutte
1170 1202 1281 1285 quelle
1297 1201 1364 1268 fusi
1390 1203 1472 1268 data
1499 1223 1519 1266 a
1538 1203 1589 1266 vn'

372 1318 462 1384 buon
484 1318 671 1398 sacerdote,
695 1327 729 1387 et
749 1320 905 1404 probato,
924 1324 956 1384 et
975 1319 1013 1383 in
1035 1317 1122 1404 fide,
1139 1323 1170 1384 et
1187 1319 1225 1384 in
1241 1317 1404 1398 moribus,
1422 1327 1458 1384 et
1479 1327 1591 1402 questo
1642 1302 1643 1388 t

371 1431 490 1499 andasi
501 1432 779 1501 continuamente
791 1455 852 1519 per
863 1443 984 1517 queste
995 1432 1171 1520 parrochie
1184 1432 1328 1499 dicendo
1344 1453 1458 1500 messa
1474 1444 1510 1499 et
1519 1453 1590 1518 pre-

369 1546 527 1629 dicando,
545 1550 630 1614 hora
647 1549 725 1614 nell’
745 1569 825 1629 una,
844 1550 927 1615 hora
943 1549 1023 1616 nell'
1042 1549 1137 1628 altra,
1157 1548 1322 1615 sentendo
1337 1547 1440 1615 etiam
1462 1541 1547 1614 conf
1578 1582 1592 1594 -

370 1661 468 1743 sioni,
487 1673 521 1728 et
538 1663 760 1730 ministrando
776 1663 799 1728 il
811 1662 1003 1730 santissimo
1019 1672 1243 1744 sacrament03
1254 1672 1287 1728 et
1299 1664 1364 1728 che
1375 1661 1412 1728 in
1423 1662 1507 1750 ogni
1519 1684 1589 1747 par-

369 1777 484 1844 rochia
501 1778 568 1844 fusi
583 1778 751 1846 instituite
766 1783 823 1844 vn'
841 1781 968 1846 huomo
983 1777 1106 1846 clerico
1122 1777 1330 1865 congiugato
1351 1799 1454 1846 senza
1477 1775 1587 1844 ordine

369 1893 505 1974 nisun0,
521 1895 575 1960 uel
591 1896 629 1959 in
645 1894 847 1976 minoribus,
854 1895 1018 1980 probatae
1032 1897 1131 1974 vitae,
1143 1894 1323 1958 dummodo
1338 1915 1407 1960 non
1423 1894 1585 1980 bigamus,
1643 1871 1644 1886 ἶ

369 2010 430 2094 qui
446 2014 624 2075 tonsuram
640 2015 671 2076 et
687 2010 838 2076 traditum
859 2011 1048 2076 clericalem
1068 2012 1106 2075 in
1126 2010 1263 2074 ecelesia
1275 2014 1438 2095 gestaret,
1454 2009 1480 2073 il
1495 1998 1585 2094 quale

369 2122 437 2190 fusi
452 2123 575 2190 idoneo
596 2147 657 2210 per
683 2126 722 2190 in
745 2145 827 2190 casn
843 2126 1052 2191 necessitatis
1071 2125 1256 2204 battezare‚
1274 2133 1309 2192 et
1319 2122 1513 2211 insegnassi
1528 2133 1542 2166 ¹
1558 2123 1586 2186 la

368 2238 521 2306 dottrina
548 2239 744 2320 christiana,
769 2239 966 2309 dechiarare
993 2240 1095 2308 etiam
1114 2241 1136 2304 l’
1166 2238 1345 2326 euangelio
1368 2249 1537 2317 currente,
1557 2247 1586 2304 et

369 2353 455 2420 fussi
471 2354 487 2397 b
506 2353 674 2420 instructo
687 2377 734 2421 un
750 2375 837 2440 poco
848 2354 884 2422 in
896 2355 1141 2437 controuersie,
1156 2353 1178 2420 il
1191 2355 1291 2440 quale
1303 2353 1370 2420 tusi
1383 2375 1481 2424 come
1493 2355 1586 2421 coad-

369 2468 480 2536 iutore
496 2491 517 2535 o
534 2468 688 2535 ministro
704 2471 759 2536 del
780 2473 958 2556 parroch0‚
985 2479 1020 2536 et
1042 2469 1132 2537 nella
1147 2469 1301 2536 absentia
1317 2490 1380 2536 sua
1390 2476 1503 2554 posset
1516 2490 1586 2534 con-

371 2585 480 2650 tinere
490 2585 621 2671 plebem
636 2586 675 2650 in
691 2586 801 2671 officio
810 2585 909 2672 fidei,
925 2586 1140 2665 obedientiae,
1157 2591 1188 2652 et
1203 2586 1340 2650 vnionic
1355 2585 1542 2665 cattrotioae
1556 2593 1585 2648 et

369 2711 527 2784 aquesto
546 2700 612 2766 fusi
628 2699 803 2786 assignato
821 2723 867 2766 vn
884 2700 988 2767 buon’
1006 2699 1186 2786 stipendio,
1201 2702 1360 2767 accioche
1376 2701 1404 2767 si
1417 2710 1585 2786 puotesero

370 2824 507 2882 trouare
523 2835 667 2900 persone
683 2813 877 2883 sufficienti.
898 2815 941 2881 Et
956 2836 1025 2881 non
1046 2837 1126 2902 pare
1142 2818 1206 2884 che
1226 2816 1314 2882 saria
1333 2815 1583 2884 inconueniente

369 2938 491 3015 questo
507 2927 542 2994 in
558 2938 680 3014 questa
695 2929 845 2996 necesite
866 2941 1017 2998 extrema
1033 2931 1067 2995 di
1089 2929 1285 3012 Germania;
1303 2932 1427 3016 perche
1447 2933 1583 2998 hauerno

370 3044 393 3108 l'
411 3043 579 3130 essempio
596 3044 651 3110 nel
668 3044 813 3111 concilio
841 3045 1025 3114 tridentino
1054 3064 1108 3129 23.
1139 3047 1232 3115 Sess.
1257 3048 1312 3113 De
1338 3047 1584 3134 reformatione,

370 3159 452 3245 Cap.
476 3176 528 3240 17,
546 3158 654 3226 chesi
683 3160 833 3227 concede
859 3161 905 3224 ad
932 3162 1168 3226 ministerium
1185 3162 1348 3228 ordinum
1364 3155 1586 3237 minerbensi

370 3272 506 3339 coelibes
519 3275 635 3339 clerici
646 3275 817 3360 deficiant,
831 3281 868 3340 ut
880 3275 1108 3341 adhibeantur
1116 3275 1324 3357 lraiasmodi,
1333 3286 1399 3343 etc.
1414 3277 1457 3342 Et
1469 3283 1585 3362 quanto

370 3388 429 3456 alli
441 3387 616 3474 ministerij
631 3393 696 3458 che
709 3412 777 3456 non
789 3391 859 3476 pub
873 3389 1063 3459 ministrare
1075 3413 1112 3460 se
1128 3413 1196 3459 non
1213 3393 1400 3472 sacerdote,
1416 3385 1584 3459 necessarii

372 3503 581 3570 adsalutem
609 3506 820 3591 simpliciter,
848 3527 929 3592 pare
957 3509 1022 3574 che
1045 3528 1115 3573 non
1143 3507 1174 3574 ci
1201 3507 1251 3576 sia
1274 3506 1449 3588 difficoltee
1472 3503 1584 3596 perche

372 3627 500 3701 quanto
517 3619 548 3684 al
564 3621 749 3686 confessar'
767 3631 801 3689 et
817 3622 890 3688 dar’
908 3621 932 3687 il
947 3621 1142 3688 santissimo
1158 3632 1382 3704 sacramento,
1397 3621 1420 3687 il
1435 3625 1499 3689 che
1514 3619 1540 3686 si
1554 3618 1581 3682 fa

373 3731 409 3798 in
424 3742 514 3798 tutta
525 3734 558 3800 la
570 3735 842 3820 quadragesima,
857 3737 958 3805 etiam
972 3759 1032 3822 per
1044 3737 1292 3805 consuetudine
1303 3737 1339 3804 in
1352 3739 1456 3804 molte
1468 3735 1579 3808 bande,

372 3870 410 3916 se
427 3848 506 3935 quel
533 3852 699 3934 parrocho
714 3873 784 3918 non
800 3863 942 3938 puotese
958 3853 1104 3920 satisfar'
1123 3876 1143 3920 a
1168 3853 1248 3920 tutti
1263 3854 1287 3919 li
1301 3855 1382 3941 pagi
1402 3852 1438 3920 in
1459 3849 1581 3920 rottae

371 3963 645 4049 quadragesima,
664 3965 858 4035 facilmente
874 3969 944 4037 Sua
961 3969 1034 4037 Se.
1053 3971 1243 4054 puotrebbe
1266 3969 1461 4056 dispensare
1476 3969 1535 4034 che
1552 3960 1581 4026 in

373 4079 460 4145 altro
476 4087 589 4164 tempo
606 4079 732 4148 bastasi
752 4080 944 4151 ministrare
971 4083 1082 4170 questi
1102 4083 1192 4151 santi
1218 4083 1432 4153 sacramenti.
1455 4085 1583 4168 Quanto

372 4195 437 4261 alla
454 4215 563 4262 messa
579 4195 602 4261 li
619 4195 730 4282 giomi
746 4196 780 4263 di
795 4197 891 4280 festa,
909 4208 992 4282 ete,
1010 4199 1065 4264 vbi
1078 4221 1147 4266 non
1159 4205 1208 4266 est
1219 4201 1323 4285 copia,
1340 4200 1435 4266 omni
1445 4198 1584 4284 diligen·

375 4311 422 4376 tia
433 4312 535 4399 sacta
550 4312 715 4378 audiendi
727 4315 880 4395 missam,
898 4336 966 4380 non
977 4315 1178 4403 obligantur
1192 4315 1238 4381 ad
1244 4320 1430 4401 peccatum,
1441 4324 1475 4382 et
1486 4311 1514 4378 si
1524 4307 1582 4396 pub

374 4425 555 4512 agionger'
572 4429 637 4494 che
653 4427 776 4493 andire
791 4429 934 4496 missam
951 4453 1019 4496 non
1032 4437 1081 4497 est
1099 4431 1190 4497 iuris
1210 4431 1326 4496 diuini
1340 4430 1542 4516 simpliciter,
1552 4429 1580 4489 et

393 4584 666 4728 ἀάῖάΕῐὲεηᾱαωιη
689 4585 802 4644 Natalis
820 4606 907 4645 manu
924 4606 961 4644 ex
978 4591 1213 4663 emigrare-b
1222 4589 1287 4645 Hoc
1304 4591 1389 4646 verb.
1407 4604 1492 4660 supra
1508 4597 1576 4639 vers·

371 4689 392 4727 a
435 4673 487 4728 'it
532 4713 540 4728 .
