3414 5374
571 516 587 556 2
616 503 762 560 Auousrr
784 503 852 572 1568
1240 509 1293 580 625

102 653 204 722 aiutar
219 657 253 723 la
267 653 482 740 Compagnia
498 675 562 720 con
587 655 638 721 far
663 676 732 722 una
756 677 836 722 casa
859 655 894 723 di
914 657 1115 742 probatione
1131 680 1193 746 per
1209 661 1329 749 nouitij

102 769 249 857 germani
264 770 299 836 di
320 781 437 837 nostra
457 769 688 857 Compagnia,
706 782 742 839 et
765 793 835 839 non
858 771 887 838 si
911 774 1071 840 mancare
1095 775 1130 840 di
1155 777 1217 840 sar'
1235 776 1331 844 siano

103 887 355 954 raccomandate
372 909 391 952 a
407 885 503 951 lddio
519 886 563 953 N.
582 887 618 954 S.
635 896 732 953 tanto
748 886 854 952 buoni
870 887 1035 974 propositi
1054 899 1089 957 et
1105 889 1269 976 dissegni.
1289 893 1330 958 Ci

104 1021 283 1069 occorreua
299 1000 403 1068 staria
419 1002 509 1069 bene
524 1007 645 1086 questa
661 1020 742 1066 casa
758 1001 793 1066 in
810 1002 968 1084 Colonia,
985 1026 1047 1089 per
1064 1003 1216 1071 riceuere
1232 1006 1328 1071 molti

103 1117 133 1180 di
148 1117 259 1201 quella
270 1114 461 1201 prouincia,
480 1124 515 1184 et
531 1115 655 1195 anche,
667 1114 697 1181 si
712 1117 900 1200 accadessi,
914 1117 1004 1184 della
1019 1117 1160 1186 inferior
1177 1131 1211 1186 et
1224 1141 1328 1206 supe-

102 1229 162 1296 rior
176 1231 363 1299 Germania
378 1252 385 1312 3
405 1242 492 1298 etse
508 1229 541 1296 la
558 1229 737 1295 fundation
756 1230 839 1297 fussi
856 1252 988 1316 grossa,
1005 1233 1116 1318 potria
1133 1235 1222 1300 forse
1235 1257 1329 1303 esser

103 1347 281 1432 spediente,
300 1348 379 1426 che,
397 1343 621 1411 mandandosi
638 1347 779 1412 aRoma
794 1367 855 1431 per
867 1347 1026 1433 maggior
1038 1348 1132 1414 aiuto
1148 1371 1212 1415 suo
1228 1349 1328 1435 spiri-

103 1463 186 1529 tuale
201 1461 316 1528 alcuni
334 1460 394 1526 tali
410 1459 545 1546 nouitij,
559 1482 620 1545 per
635 1459 831 1526 rimandarli
844 1459 901 1546 poi
917 1460 952 1527 in
964 1462 1164 1545 Germania,
1182 1485 1219 1530 se
1236 1463 1259 1528 li
1277 1467 1327 1529 fa-

103 1577 229 1643 cessino
245 1579 276 1643 le
292 1597 392 1662 spese
408 1573 497 1643 della
520 1595 599 1642 casa
622 1573 656 1639 di
679 1574 881 1660 probatione
905 1577 978 1642 cosi
1003 1579 1162 1659 fundata;
1193 1579 1326 1646 benche

104 1693 191 1775 potri
218 1715 331 1760 essere
359 1693 427 1760 che
448 1691 556 1777 prima
577 1692 620 1758 V.
645 1692 684 1757 R.
707 1690 756 1756 sia
784 1711 868 1775 qua,
889 1693 954 1760 che
978 1693 1108 1778 uenghi
1132 1715 1155 1758 a
1175 1705 1326 1760 maturat

105 1821 215 1889 questa
231 1807 444 1885 fundatione,
459 1805 491 1871 la
506 1806 619 1902 quale,
639 1825 736 1871 come
753 1806 897 1873 sarebbe
912 1806 948 1871 in
961 1807 1093 1891 grande
1110 1807 1220 1873 utilita
1237 1809 1326 1875 della

105 1921 306 2009 Compagnia
320 1945 382 2008 per
398 1921 421 1986 il
437 1919 578 1989 seruitio
593 1919 712 1985 diuino
727 1929 763 1985 et
783 1919 876 1986 aiuto
900 1921 989 1988 delle
1013 1920 1136 2002 anime,
1156 1922 1227 1988 cosi
1254 1944 1323 1988 non

105 2037 259 2118 potriamo
274 2059 416 2104 mancat
431 2035 465 2102 di
482 2036 588 2101 molto
607 2034 770 2101 stimarlo
787 2036 854 2101 Fra
868 2032 890 2099 l'
908 2036 993 2104 altre
1008 2057 1089 2102 cose
1106 2039 1172 2103 che
1187 2037 1233 2102 mi
1250 2058 1324 2103 mo-

107 2169 228 2220 ueuano
251 2176 271 2219 a
293 2151 451 2219 nominar
471 2149 673 2230 Coloniae
689 2149 862 2216 desiderar
882 2151 947 2216 che
967 2151 990 2214 li
1013 2150 1041 2216 si
1063 2150 1144 2216 uiua
1165 2150 1201 2217 in
1223 2153 1325 2217 modo

106 2267 320 2335 conueniente
336 2268 401 2333 alla
421 2264 652 2352 Compagnia,
671 2263 695 2329 il
711 2266 776 2330 che
793 2286 851 2350 per
872 2265 905 2330 la
925 2265 1067 2349 pouertti
1088 2265 1333 2333 difficilmente'

106 2401 239 2464 possono
255 2386 341 2464 sare,
360 2403 430 2448 non
447 2381 481 2447 ui
497 2380 642 2447 essendo
655 2380 757 2445 alcun
768 2377 904 2465 miglior
915 2379 1017 2445 modo
1029 2379 1063 2445 di
1081 2379 1275 2447 trattenersi
1289 2379 1323 2445 di

105 2499 171 2578 quel
187 2500 252 2567 che
268 2499 391 2565 adesso
407 2507 571 2582 tengon0.

162 2633 191 2697 3.
236 2615 283 2682 Se
298 2613 534 2680 intenderemo
550 2613 614 2676 che
631 2609 689 2694 qui
707 2608 735 2674 si
751 2629 898 2694 procura
914 2610 1009 2675 leuar
1024 2609 1047 2675 il
1061 2613 1100 2676 P.
1117 2609 1322 2678 Maldonado

105 2726 141 2791 de
155 2728 303 2816 Pariggi,
323 2728 351 2793 si
368 2726 439 2793 fari
454 2724 660 2804 resistentia,
675 2724 799 2809 perche
816 2723 844 2789 si
861 2734 983 2809 reputa
998 2723 1064 2790 stia
1078 2726 1147 2793 ben
1164 2725 1321 2791 colocato

107 2841 183 2910 douc
196 2854 259 2911 sta.

159 2977 188 3042 4.
236 2959 273 3026 S'
292 2957 310 3024 ὲ
327 2956 484 3022 riceuuta
500 2976 569 3020 una
584 2953 619 3018 di
635 2954 679 3020 V.
698 2954 754 3029 R,
774 2953 839 3018 che
855 2951 980 3018 scrisse
995 2953 1019 3017 il
1034 2953 1069 3018 di
1084 2954 1174 3019 della
1191 2956 1316 3020 Pente·

105 3083 183 3142 coste
198 3075 233 3140 in
249 3071 416 3150 Louani0,
435 3081 470 3139 et
491 3069 520 3135 si
540 3067 756 3134 considerari
778 3067 890 3152 quello
907 3068 972 3134 che
994 3067 1022 3132 si
1043 3077 1240 3156 representa
1264 3069 1322 3152 de]

105 3192 278 3272 predicator
294 3189 330 3254 in
346 3186 453 3254 latino
468 3188 490 3250 ¹.

158 3323 187 3390 5.
232 3305 278 3373 Di
290 3326 357 3389 qua
370 3301 484 3388 quello
496 3299 539 3365 de
552 3300 617 3365 che
629 3318 732 3382 posso
745 3296 859 3362 auisar
870 3296 904 3360 di
917 3317 1034 3361 nuouo
1046 3317 1065 3361 a
1078 3298 1122 3363 V.
1134 3299 1190 3376 R,
1206 3298 1238 3377 e,
1254 3301 1319 3364 che

104 3413 121 3482 il
134 3442 209 3508 papa
226 3424 271 3486 ha
288 3421 372 3486 fatto
385 3419 453 3483 due
469 3410 681 3500 deputationi
698 3410 733 3476 di
750 3409 925 3492 cardinali,
943 3412 1008 3475 che
1025 3409 1048 3475 li
1063 3411 1255 3477 haueuamo
1271 3411 1319 3476 ri-

104 3539 235 3606 cordate:
254 3558 323 3602 vna
339 3555 398 3620 per
414 3530 591 3598 attendere
607 3526 674 3593 alla
689 3524 874 3591 riduttione
889 3523 969 3591 delli
985 3524 1140 3604 heretici,
1155 3535 1236 3606 etc.;
1254 3547 1315 3611 per

104 3648 128 3716 la
141 3655 213 3739 qual
228 3655 273 3719 ha
288 3646 454 3717 nominati
471 3665 493 3729 4
508 3642 683 3721 cardinali,
698 3644 870 3726 Augusta,
885 3641 1085 3720 Granuella,
1101 3638 1314 3720 Bordesiera,

104 3765 252 3849 lrancese,
271 3779 306 3836 et
321 3763 536 3842 Comendon,
554 3780 622 3824 vno
646 3779 705 3844 per
729 3755 859 3822 nation.
879 3753 917 3822 L'
933 3756 1019 3820 altra
1042 3753 1263 3839 deputatione
1280 3755 1317 3820 fu

104 3901 151 3966 per
165 3886 196 3950 la
210 3881 436 3951 conuersione
452 3875 532 3945 delli
549 3872 693 3952 infideli,
712 3881 747 3939 et
764 3871 867 3938 furno
883 3868 1049 3936 nominati
1064 3868 1140 3934 altri
1157 3887 1179 3950 4
1203 3869 1316 3935 cardi-

103 4000 169 4080 nali,
187 3999 333 4080 Amuli0,
353 3995 505 4072 Sirlett0,
520 3989 671 4058 Criuello
688 3997 722 4055 et
734 3986 891 4068 Garrafa,
906 3995 941 4051 et
957 3984 1014 4070 gii
1027 3985 1097 4049 han
1110 3983 1317 4049 cominciato

101 4111 125 4179 le
135 4137 192 4183 sue
202 4108 460 4203 congregationi
469 4109 495 4174 ¹.
507 4109 549 4172 Et
562 4104 596 4172 di
609 4125 678 4189 qua
689 4103 838 4168 hauemo
852 4098 1057 4167 cominciato
1070 4121 1091 4164 a
1102 4097 1188 4165 darli
1200 4098 1315 4165 alcuni

102 4226 279 4240 5-—

144 4271 151 4302 Ι
186 4267 256 4322 Vide
270 4263 358 4337 epist.
374 4259 438 4331 530,
448 4277 481 4314 n.
499 4271 526 4325 2,
541 4272 608 4311 curn
622 4259 722 4307 annot.

139 4360 149 4392 ¹
198 4356 339 4429 Quisnam
364 4350 394 4405 in
415 4349 498 4404 hisce
520 4341 711 4400 cardinalium
734 4337 1015 4408 congregationibus
1035 4335 1237 4390 adumbratam
1255 4351 1313 4390 non

100 4443 182 4501 videat
192 4462 301 4502 sacram
315 4441 353 4496 de
370 4434 559 4512 propaganda
575 4431 634 4486 lide
649 4426 922 4499 congregationem,
942 4441 1018 4496 quae
1038 4423 1146 4479 deinde
1164 4441 1181 4478 a
1200 4423 1313 4494 Grego-

99 4531 132 4587 rio
143 4535 192 4589 XV
204 4534 318 4608 plenius
333 4546 367 4584 ac
381 4525 542 4600 perfectius
555 4528 654 4576 erecta
666 4535 701 4573 ac
714 4515 850 4571 instituta
862 4511 932 4568 tuit?
944 4511 1042 4583 Hujus
1055 4520 1155 4568 tamen
1174 4512 1312 4584 egregiae

101 4617 271 4679 institutionis
284 4615 463 4676 incunabula
476 4628 535 4668 non
548 4617 618 4665 ante
635 4605 836 4680 pontificatum
849 4599 987 4673 Gregorii
1000 4600 1071 4656 XIII
1088 4602 1126 4655 ab
1143 4601 1312 4656 auctoribus

100 4713 241 4778 generatim
252 4713 447 4783 reponuntur.
460 4700 508 4758 cf.
523 4701 660 4765 Illonortr,
676 4693 858 4751 Dizionario
871 4692 905 4746 di
917 4691 1091 4748 erudizione
1103 4689 1313 4746 storicoeccle·

217 4811 303 4856 Erur.
318 4805 348 4850 Ρ.
363 4801 465 4857 Nnonr,
480 4807 539 4844 rou.
554 4795 603 4840 111.
1125 4786 1153 4831 40
