3482 5386
701 515 867 570 Aressmx
1303 526 1357 587 797

117 690 200 754 per
224 689 342 736 esser
356 667 380 734 il
397 669 549 754 predicar
565 677 599 736 et
615 667 737 755 legger
752 685 834 736 cose
849 666 965 734 diuine
981 675 1017 732 et
1032 666 1132 734 simili
1149 665 1225 732 altri
1240 667 1395 735 ministe-

116 757 188 836 rii,
214 779 302 844 per
322 767 418 823 tanto
440 755 568 843 proprii
591 759 646 824 del
668 767 785 822 nostro
808 755 988 838 institut03
1010 766 1045 822 et
1068 755 1272 824 similmente
1291 757 1398 824 none

119 867 259 933 parso
282 868 380 915 esser
394 867 474 912 cosa
490 849 555 914 che
570 867 751 931 conuenga
766 845 791 910 il
806 846 867 912 dar
884 845 968 910 tanti
985 844 1225 930 professori...;
1244 866 1313 912 non
1329 845 1360 913 ci
1376 847 1395 914 ὲ

122 957 261 1020 parso
285 936 396 1002 douer
412 937 602 1003 conlermar
617 933 641 1000 il
656 943 838 1014 contratto,
858 943 953 1019 parte
969 955 1028 1019 per
1049 955 1142 1000 esser
1158 943 1276 1001 contra
1291 934 1314 1000 il
1330 955 1394 1001 no-

123 1037 219 1091 stro
240 1023 426 1104 instituto,
444 1033 541 1109 parte
557 1047 617 1110 per
632 1045 724 1092 esser
741 1033 862 1108 troppo
873 1043 1023 1108 graue...

753 1193 813 1258 LV

436 1323 798 1385 woLFGnNGus
828 1324 1127 1380 PYRRINGER

509 1463 647 1511 seuero
663 1463 861 1511 snnucrsco
878 1463 925 1510 ns
941 1461 1053 1524 BORJA

463 1576 700 1658 Vindobonae,
719 1597 732 1644 1
749 1576 959 1664 Septembris
976 1578 1058 1660 1567
1075 1579 1096 1642 ¹.

639 1710 772 1766 Litterae
785 1725 918 1764 ammae.

290 1829 329 1893 ln
353 1825 522 1910 colloquio
546 1847 628 1893 uero
651 1825 833 1912 spirituali,
857 1825 949 1910 quod
976 1825 1070 1892 iussu
1099 1825 1139 1890 R.
1160 1826 1200 1890 P.
1219 1823 1350 1891 Natalis
1371 1845 1391 1892 a

135 1935 274 1982 coena
292 1925 344 1981 ter
360 1915 394 1981 in
411 1917 628 1984 hebdomada
644 1913 762 1982 haberi
778 1915 880 1994 solet,
899 1935 1032 2000 semper
1044 1934 1105 1979 eae
1120 1935 1174 1980 res
1190 1915 1391 1994 afferuntur,

138 2003 426 2161 iatizeagefcniciii
436 2025 500 2070 nec
515 2003 623 2072 audiri
640 2013 785 2089 possunt
800 2003 929 2088 absque
950 2023 1074 2090 magna
1094 2001 1282 2067 animorum
1297 2002 1390 2067 vtili-

639 2264 641 2272 ’
743 2263 820 2328 LVI

578 2396 611 2450 P.
634 2390 838 2452 ANTONIUS
858 2391 982 2450 VINCK

384 2532 583 2581 SANCTO
614 2529 897 2578 FRANCISCO
929 2530 988 2576 DE
1020 2529 1176 2591 130an

471 2643 683 2732 Moguntiae,
700 2662 722 2728 4
738 2642 948 2730 Septembris
967 2643 1050 2726 1567
1063 2642 1088 2708 ¹.

209 2777 363 2834 Natalem
374 2780 511 2834 convenit
524 2779 566 2832 od
572 2777 691 2850 fontem
705 2776 882 2832 leodiensem
893 2794 902 2828 :
915 2776 951 2831 de
963 2775 1050 2831 rebus
1058 2775 1235 2846 provinciae
1248 2777 1336 2832 illum

712 2865 851 2922 consulit.

230 2985 390 3052 Essendo
407 2984 472 3049 che
484 2982 587 3067 dopoi
602 2983 668 3048 che
684 2980 718 3046 di
733 2989 854 3065 questo
870 2979 1014 3065 collegio
1030 2980 1076 3045 mi
1093 3001 1177 3047 sono
1193 2982 1317 3066 partito
1333 2983 1389 3050 alli

159 3091 205 3155 14
223 3073 262 3139 di
273 3073 368 3161 Julio
383 3094 444 3157 per
464 3071 570 3137 andar
589 3081 624 3137 et
645 3081 760 3136 trouar
780 3070 811 3135 al
834 3071 918 3135 Rdo.
938 3071 978 3134 P.
997 3070 1105 3136 Nadal
1122 3069 1311 3150 visitatore,
1330 3093 1391 3158 per

155 3162 254 3227 darli
271 3162 369 3228 auiso
385 3161 419 3226 di
436 3161 548 3244 quello
565 3159 631 3227 che
646 3157 780 3226 hauessi
798 3159 881 3222 sotto
896 3157 931 3221 in
947 3157 1123 3242 Herbipoli
1140 3170 1174 3226 et
1187 3159 1284 3244 Spita
1300 3161 1390 3228 circa

154 3251 191 3317 le
209 3249 407 3318 fundationi
420 3250 453 3315 di
467 3249 551 3316 detti
564 3246 710 3334 collegii,
725 3269 794 3312 non
806 3247 852 3311 ho
868 3245 997 3326 scritt0‚
1013 3248 1094 3314 derb
1108 3249 1263 3313 almanco
1278 3247 1312 3312 in
1325 3271 1390 3334 ge-

154 3342 286 3408 nerale
318 3338 486 3425 raggione
516 3337 551 3403 di
582 3337 695 3422 quello
722 3337 788 3402 che
814 3334 849 3401 in
877 3346 998 3418 questo
1024 3335 1163 3420 viaggio
1190 3337 1236 3400 ho
1265 3337 1386 3404 fatto...

158 3429 237 3494 Alli
257 3447 314 3513 23,
333 3429 370 3497 S.
390 3429 427 3496 S.
450 3429 546 3494 Rma.
571 3425 719 3514 [electus
742 3423 980 3513 trevirensis]³
1002 3423 1030 3488 si
1053 3425 1146 3491 dette
1169 3425 1330 3509 alquanto
1355 3427 1389 3492 di

156 3517 292 3584 viatico
308 3528 343 3585 et
358 3539 404 3582 vn
421 3537 612 3602 compagno
629 3523 664 3580 et
679 3513 800 3600 guida,
819 3512 904 3580 etin
920 3513 988 3580 fine
1008 3512 1042 3577 in
1066 3514 1145 3597 quel
1166 3513 1288 3596 giorno
1304 3514 1390 3580 arri·

158 3606 316 3673 uassimo
332 3629 352 3672 a
368 3605 547 3674 Stabuleto
564 3606 588 3684 ⁸,
606 3604 696 3669 vnde
712 3604 744 3668 la
760 3601 887 3667 matina
907 3611 1084 3686 sequente,
1107 3601 1233 3668 incirca
1253 3603 1285 3670 le
1305 3606 1391 3671 hore

158 3706 249 3774 otto,
261 3693 477 3760 arriuassimo
490 3717 510 3760 a
521 3695 621 3779 Spae.
636 3692 883 3758 Domandando
895 3689 1099 3758 trouassimo
1111 3690 1135 3756 il
1146 3691 1389 3776 allogiamento

219 3892 227 3924 ¹
267 3891 312 3946 Ex
325 3891 515 3962 autographo,
531 3889 561 3943 in
577 3885 648 3943 Cod.
664 3901 703 3957 29
712 3887 761 3960 g),
776 3885 810 3942 36
823 3891 912 3956 (219).

219 3985 231 4015 ²
270 3981 314 4035 Ex
327 3980 518 4050 autographo.
531 3977 562 4034 in
577 3977 652 4032 Cod.
670 3993 708 4047 29
719 3980 768 4050 g),
782 3975 835 4032 323
847 3975 936 4046 (537).
954 3975 1030 4031 Vide
1045 3993 1115 4049 pag.
1133 3989 1197 4048 479.

219 4071 231 4102 ³
270 4069 398 4139 Jacobus
410 4071 447 4122 ab
461 4069 535 4138 Eltz,
551 4068 599 4121 vel
612 4067 677 4121 Elz.

219 4161 231 4192 ⁴
266 4158 361 4230 Prope
383 4156 494 4211 fontem
517 4155 697 4211 leodiensem
716 4157 829 4211 nullum
851 4154 1013 4226 reperimus
1035 4154 1172 4226 oppidum
1194 4156 1249 4210 hoc
1271 4154 1390 4210 nomine

163 4255 377 4320 nuncupatum.
395 4246 482 4302 Unde
497 4245 699 4300 existimamus
713 4261 876 4299 sermonem
889 4245 937 4299 hic
950 4261 1016 4300 esse
1029 4243 1066 4298 de
1078 4244 1212 4312 Stabulo,
1222 4243 1299 4316 quod
1309 4243 1390 4316 oppi-

161 4332 232 4390 dum
244 4351 303 4390 non
316 4336 404 4404 longe
417 4351 434 4388 a
447 4333 563 4406 spaensi
579 4332 658 4387 fonte
672 4331 708 4386 ad
726 4331 869 4387 orientem
888 4334 979 4386 solem
998 4331 1086 4387 situm
1105 4339 1164 4386 est.
1185 4333 1231 4387 De
1249 4332 1298 4386 illo
1316 4333 1389 4388 haee

163 4423 325 4478 Ferrarius:
349 4423 531 4489 «Stabulum,
551 4421 664 4490 Stablo,
683 4420 821 4493 oppidum
839 4419 946 4492 Belgii,
968 4437 1035 4475 cum
1058 4420 1187 4476 Abbatia
1208 4420 1329 4489 celebri,
1351 4418 1388 4476 ad

162 4527 280 4569 amnem
292 4513 418 4581 Rechte,
432 4511 461 4566 in
479 4511 591 4567 ditione
610 4509 747 4583 Episcopi
766 4507 949 4580 Leodiensis,
967 4516 998 4564 et
1015 4508 1045 4564 in
1063 4507 1190 4564 confinio
1207 4509 1389 4565 Luxembur·

163 4601 259 4670 gensi.
270 4617 299 4671 4.
310 4601 402 4656 leucis
411 4600 501 4656 distat
514 4618 530 4654 a
542 4599 700 4670 Limburgo
713 4600 743 4654 in
757 4597 937 4654 meridiem.»
948 4599 1292 4668 Furnius-Bubonem,
1305 4597 1390 4654 Lexi-

167 4707 221 4745 con
231 4690 485 4765 geographicum.
