<?xml version="1.0" encoding="UTF-8"?>
<!DOCTYPE html PUBLIC "-//W3C//DTD XHTML 1.0 Transitional//EN"
    "http://www.w3.org/TR/xhtml1/DTD/xhtml1-transitional.dtd">
<html xmlns="http://www.w3.org/1999/xhtml" xml:lang="en" lang="en">
 <head>
  <title>
</title>
<meta http-equiv="Content-Type" content="text/html;charset=utf-8" />
  <meta name='ocr-system' content='tesseract 3.04.00' />
  <meta name='ocr-capabilities' content='ocr_page ocr_carea ocr_par ocr_line ocrx_word'/>
</head>
<body>
  <div class='ocr_page' id='page_1' title='image "./epistolaephiero01nadagoog_0017.png"; bbox 0 0 3494 5392; ppageno 0'>
   <div class='ocr_carea' id='block_1_1' title="bbox 360 467 1189 524">
    <p class='ocr_par' dir='ltr' id='par_1_1' title="bbox 360 467 1189 524">
     <span class='ocr_line' id='line_1_1' title="bbox 360 467 1189 524; baseline 0.002 -2"><span class='ocrx_word' id='word_1_1' title='bbox 360 480 381 522; x_wconf 90' lang='lat' dir='ltr'>x</span> <span class='ocrx_word' id='word_1_2' title='bbox 683 467 876 524; x_wconf 80' lang='lat' dir='ltr'>Pnoouruuu</span> <span class='ocrx_word' id='word_1_3' title='bbox 894 480 999 524; x_wconf 80' lang='lat' dir='ltr'>ruam</span> <span class='ocrx_word' id='word_1_4' title='bbox 1020 480 1189 524; x_wconf 79' lang='lat' dir='ltr'>voruunns</span> 
     </span>
    </p>
   </div>
   <div class='ocr_carea' id='block_1_2' title="bbox 321 618 1562 4706">
    <p class='ocr_par' dir='ltr' id='par_1_2' title="bbox 322 618 1555 1704">
     <span class='ocr_line' id='line_1_2' title="bbox 391 618 1551 707; baseline 0.003 -21"><span class='ocrx_word' id='word_1_5' title='bbox 391 620 495 706; x_wconf 80' lang='lat' dir='ltr'>Quod</span> <span class='ocrx_word' id='word_1_6' title='bbox 511 641 593 688; x_wconf 93' lang='lat' dir='ltr'>vero</span> <span class='ocrx_word' id='word_1_7' title='bbox 608 619 710 704; x_wconf 85' lang='lat' dir='ltr'>aliqui</span> <span class='ocrx_word' id='word_1_8' title='bbox 727 622 771 688; x_wconf 90' lang='lat' dir='ltr'>de</span> <span class='ocrx_word' id='word_1_9' title='bbox 783 631 903 688; x_wconf 90' lang='lat' dir='ltr'>sancto</span> <span class='ocrx_word' id='word_1_10' title='bbox 919 619 1080 707; x_wconf 88' lang='lat' dir='ltr'>pontifice</span> <span class='ocrx_word' id='word_1_11' title='bbox 1092 619 1155 686; x_wconf 92' lang='lat' dir='ltr'>Pio</span> <span class='ocrx_word' id='word_1_12' title='bbox 1171 622 1202 688; x_wconf 96' lang='lat' dir='ltr'>V</span> <span class='ocrx_word' id='word_1_13' title='bbox 1215 641 1284 687; x_wconf 91' lang='lat' dir='ltr'>non</span> <span class='ocrx_word' id='word_1_14' title='bbox 1297 627 1390 688; x_wconf 90' lang='lat' dir='ltr'>recte</span> <span class='ocrx_word' id='word_1_15' title='bbox 1402 618 1551 707; x_wconf 86' lang='lat' dir='ltr'>scripse-</span> 
     </span>
     <span class='ocr_line' id='line_1_3' title="bbox 325 743 1552 831; baseline 0.003 -20"><span class='ocrx_word' id='word_1_16' title='bbox 325 756 417 826; x_wconf 91' lang='lat' dir='ltr'>runt,</span> <span class='ocrx_word' id='word_1_17' title='bbox 435 765 528 828; x_wconf 91' lang='lat' dir='ltr'>eum,</span> <span class='ocrx_word' id='word_1_18' title='bbox 549 745 646 812; x_wconf 89' lang='lat' dir='ltr'>velut</span> <span class='ocrx_word' id='word_1_19' title='bbox 662 744 834 812; x_wconf 91' lang='lat' dir='ltr'>hominem</span> <span class='ocrx_word' id='word_1_20' title='bbox 855 744 1087 831; x_wconf 83' lang='lat' dir='ltr'>imperiosum,</span> <span class='ocrx_word' id='word_1_21' title='bbox 1120 755 1174 811; x_wconf 88' lang='lat' dir='ltr'>«et</span> <span class='ocrx_word' id='word_1_22' title='bbox 1191 743 1247 830; x_wconf 90' lang='lat' dir='ltr'>qui</span> <span class='ocrx_word' id='word_1_23' title='bbox 1272 743 1552 815; x_wconf 80' lang='lat' dir='ltr'>nullasrationes</span> 
     </span>
     <span class='ocr_line' id='line_1_4' title="bbox 322 866 1549 954; baseline 0.004 -23"><span class='ocrx_word' id='word_1_24' title='bbox 322 866 492 934; x_wconf 85' lang='lat' dir='ltr'>voluntati</span> <span class='ocrx_word' id='word_1_25' title='bbox 504 888 587 936; x_wconf 92' lang='lat' dir='ltr'>suae</span> <span class='ocrx_word' id='word_1_26' title='bbox 599 867 786 935; x_wconf 89' lang='lat' dir='ltr'>contrarias</span> <span class='ocrx_word' id='word_1_27' title='bbox 798 868 1011 936; x_wconf 78' lang='lat' dir='ltr'>admitteret»</span> <span class='ocrx_word' id='word_1_28' title='bbox 1027 867 1126 936; x_wconf 91' lang='lat' dir='ltr'>nobis</span> <span class='ocrx_word' id='word_1_29' title='bbox 1138 867 1376 954; x_wconf 64' lang='lat' dir='ltr'>depingentes</span> <span class='ocrx_word' id='word_1_30' title='bbox 1391 867 1549 936; x_wconf 88' lang='lat' dir='ltr'>luculen-</span> 
     </span>
     <span class='ocr_line' id='line_1_5' title="bbox 325 974 1548 1078; baseline 0.002 -20"><span class='ocrx_word' id='word_1_31' title='bbox 325 1001 376 1061; x_wconf 85' lang='lat' dir='ltr'>ter</span> <span class='ocrx_word' id='word_1_32' title='bbox 391 974 558 1059; x_wconf 72' lang='lat' dir='ltr'>refellitur</span> <span class='ocrx_word' id='word_1_33' title='bbox 573 1014 615 1061; x_wconf 85' lang='lat' dir='ltr'>ex</span> <span class='ocrx_word' id='word_1_34' title='bbox 632 991 775 1078; x_wconf 88' lang='lat' dir='ltr'>epistola</span> <span class='ocrx_word' id='word_1_35' title='bbox 789 991 961 1078; x_wconf 85' lang='lat' dir='ltr'>Borgiana</span> <span class='ocrx_word' id='word_1_36' title='bbox 981 993 1020 1060; x_wconf 92' lang='lat'>18</span> <span class='ocrx_word' id='word_1_37' title='bbox 1033 991 1116 1078; x_wconf 85' lang='lat' dir='ltr'>Maji</span> <span class='ocrx_word' id='word_1_38' title='bbox 1134 993 1218 1075; x_wconf 81' lang='lat'>1566</span> <span class='ocrx_word' id='word_1_39' title='bbox 1230 992 1273 1060; x_wconf 92' lang='lat' dir='ltr'>ad</span> <span class='ocrx_word' id='word_1_40' title='bbox 1285 993 1442 1060; x_wconf 82' lang='lat' dir='ltr'><strong>Natalem</strong></span> <span class='ocrx_word' id='word_1_41' title='bbox 1454 994 1548 1076; x_wconf 88' lang='lat' dir='ltr'>data,</span> 
     </span>
     <span class='ocr_line' id='line_1_6' title="bbox 325 1115 1549 1216; baseline 0.002 -34"><span class='ocrx_word' id='word_1_42' title='bbox 325 1115 360 1183; x_wconf 90' lang='lat' dir='ltr'>in</span> <span class='ocrx_word' id='word_1_43' title='bbox 377 1139 445 1202; x_wconf 91' lang='lat' dir='ltr'>qua</span> <span class='ocrx_word' id='word_1_44' title='bbox 459 1116 640 1204; x_wconf 88' lang='lat' dir='ltr'>perspicue</span> <span class='ocrx_word' id='word_1_45' title='bbox 656 1117 771 1202; x_wconf 90' lang='lat' dir='ltr'>potius</span> <span class='ocrx_word' id='word_1_46' title='bbox 783 1128 949 1216; x_wconf 72' lang='lat' dir='ltr'>apparent</span> <span class='ocrx_word' id='word_1_47' title='bbox 965 1116 1164 1184; x_wconf 91' lang='lat' dir='ltr'>immortalis</span> <span class='ocrx_word' id='word_1_48' title='bbox 1176 1115 1268 1183; x_wconf 92' lang='lat' dir='ltr'>illius</span> <span class='ocrx_word' id='word_1_49' title='bbox 1279 1115 1342 1182; x_wconf 92' lang='lat' dir='ltr'>viri</span> <span class='ocrx_word' id='word_1_50' title='bbox 1354 1117 1549 1202; x_wconf 89' lang='lat' dir='ltr'>prudentia,</span> 
     </span>
     <span class='ocr_line' id='line_1_7' title="bbox 323 1239 1552 1328; baseline 0.003 -22"><span class='ocrx_word' id='word_1_51' title='bbox 323 1239 519 1326; x_wconf 87' lang='lat' dir='ltr'>benignitas</span> <span class='ocrx_word' id='word_1_52' title='bbox 535 1251 569 1308; x_wconf 92' lang='lat' dir='ltr'>et</span> <span class='ocrx_word' id='word_1_53' title='bbox 586 1240 727 1307; x_wconf 88' lang='lat' dir='ltr'>comitas</span> <span class='ocrx_word' id='word_1_54' title='bbox 742 1239 778 1307; x_wconf 93' lang='lat' dir='ltr'>in</span> <span class='ocrx_word' id='word_1_55' title='bbox 791 1240 970 1309; x_wconf 90' lang='lat' dir='ltr'>audiendis</span> <span class='ocrx_word' id='word_1_56' title='bbox 986 1252 1021 1308; x_wconf 91' lang='lat' dir='ltr'>et</span> <span class='ocrx_word' id='word_1_57' title='bbox 1036 1239 1284 1328; x_wconf 83' lang='lat' dir='ltr'>amplectendis</span> <span class='ocrx_word' id='word_1_58' title='bbox 1304 1240 1450 1309; x_wconf 90' lang='lat' dir='ltr'>aliorum</span> <span class='ocrx_word' id='word_1_59' title='bbox 1466 1263 1552 1309; x_wconf 91' lang='lat' dir='ltr'>con-</span> 
     </span>
     <span class='ocr_line' id='line_1_8' title="bbox 323 1365 1555 1454; baseline 0 -20"><span class='ocrx_word' id='word_1_60' title='bbox 323 1365 405 1434; x_wconf 90' lang='lat' dir='ltr'>siliis</span> <span class='ocrx_word' id='word_1_61' title='bbox 427 1366 613 1454; x_wconf 87' lang='lat'>(130-132).</span> <span class='ocrx_word' id='word_1_62' title='bbox 637 1367 770 1452; x_wconf 87' lang='lat' dir='ltr'>Hisque</span> <span class='ocrx_word' id='word_1_63' title='bbox 798 1379 833 1434; x_wconf 92' lang='lat' dir='ltr'>et</span> <span class='ocrx_word' id='word_1_64' title='bbox 857 1367 932 1434; x_wconf 89' lang='lat' dir='ltr'>aliis</span> <span class='ocrx_word' id='word_1_65' title='bbox 959 1367 1145 1435; x_wconf 91' lang='lat' dir='ltr'>virtutibus</span> <span class='ocrx_word' id='word_1_66' title='bbox 1172 1366 1353 1434; x_wconf 84' lang='lat' dir='ltr'>maximam</span> <span class='ocrx_word' id='word_1_67' title='bbox 1379 1368 1444 1435; x_wconf 92' lang='lat' dir='ltr'>sibi</span> <span class='ocrx_word' id='word_1_68' title='bbox 1464 1369 1555 1437; x_wconf 89' lang='lat' dir='ltr'>inter</span> 
     </span>
     <span class='ocr_line' id='line_1_9' title="bbox 322 1491 1553 1578; baseline 0.002 -18"><span class='ocrx_word' id='word_1_69' title='bbox 322 1513 504 1578; x_wconf 85' lang='lat' dir='ltr'>germanos</span> <span class='ocrx_word' id='word_1_70' title='bbox 520 1491 758 1560; x_wconf 90' lang='lat' dir='ltr'>auctoritatem</span> <span class='ocrx_word' id='word_1_71' title='bbox 774 1492 980 1574; x_wconf 91' lang='lat' dir='ltr'>conciliavit,</span> <span class='ocrx_word' id='word_1_72' title='bbox 1003 1493 1146 1578; x_wconf 89' lang='lat' dir='ltr'>ejusque</span> <span class='ocrx_word' id='word_1_73' title='bbox 1162 1502 1239 1558; x_wconf 89' lang='lat' dir='ltr'>acta</span> <span class='ocrx_word' id='word_1_74' title='bbox 1261 1492 1352 1578; x_wconf 90' lang='lat' dir='ltr'>typis</span> <span class='ocrx_word' id='word_1_75' title='bbox 1375 1492 1467 1560; x_wconf 89' lang='lat' dir='ltr'>edita</span> <span class='ocrx_word' id='word_1_76' title='bbox 1482 1515 1553 1562; x_wconf 93' lang='lat' dir='ltr'>non</span> 
     </span>
     <span class='ocr_line' id='line_1_10' title="bbox 324 1616 1137 1704; baseline 0.002 -22"><span class='ocrx_word' id='word_1_77' title='bbox 324 1616 398 1684; x_wconf 89' lang='lat' dir='ltr'>sine</span> <span class='ocrx_word' id='word_1_78' title='bbox 414 1618 529 1683; x_wconf 85' lang='lat' dir='ltr'>fructu</span> <span class='ocrx_word' id='word_1_79' title='bbox 546 1637 566 1682; x_wconf 91' lang='lat' dir='ltr'>a</span> <span class='ocrx_word' id='word_1_80' title='bbox 583 1616 701 1684; x_wconf 89' lang='lat' dir='ltr'>multis</span> <span class='ocrx_word' id='word_1_81' title='bbox 717 1618 922 1704; x_wconf 85' lang='lat' dir='ltr'>legebantur</span> <span class='ocrx_word' id='word_1_82' title='bbox 939 1619 1029 1704; x_wconf 84' lang='lat'>(374,</span> <span class='ocrx_word' id='word_1_83' title='bbox 1049 1617 1137 1704; x_wconf 82' lang='lat'>491).</span> 
     </span>
    </p>

    <p class='ocr_par' dir='ltr' id='par_1_3' title="bbox 321 1740 1562 4706">
     <span class='ocr_line' id='line_1_11' title="bbox 389 1740 1550 1828; baseline 0.003 -22"><span class='ocrx_word' id='word_1_84' title='bbox 389 1740 483 1826; x_wconf 79' lang='lat' dir='ltr'>Quid</span> <span class='ocrx_word' id='word_1_85' title='bbox 506 1762 608 1826; x_wconf 90' lang='lat' dir='ltr'>porro</span> <span class='ocrx_word' id='word_1_86' title='bbox 632 1741 849 1810; x_wconf 89' lang='lat' dir='ltr'>sentiendum</span> <span class='ocrx_word' id='word_1_87' title='bbox 872 1741 1051 1808; x_wconf 83' lang='lat' dir='ltr'>defructu</span> <span class='ocrx_word' id='word_1_88' title='bbox 1075 1763 1118 1808; x_wconf 84' lang='lat' dir='ltr'>ex</span> <span class='ocrx_word' id='word_1_89' title='bbox 1138 1742 1343 1828; x_wconf 82' lang='lat' dir='ltr'>augustanis</span> <span class='ocrx_word' id='word_1_90' title='bbox 1366 1740 1550 1810; x_wconf 90' lang='lat' dir='ltr'>comitiisa</span> 
     </span>
     <span class='ocr_line' id='line_1_12' title="bbox 324 1865 1552 1954; baseline 0.002 -22"><span class='ocrx_word' id='word_1_91' title='bbox 324 1865 500 1933; x_wconf 89' lang='lat' dir='ltr'>catholicis</span> <span class='ocrx_word' id='word_1_92' title='bbox 511 1869 689 1953; x_wconf 83' lang='lat' dir='ltr'>percepto?</span> <span class='ocrx_word' id='word_1_93' title='bbox 701 1868 777 1933; x_wconf 87' lang='lat' dir='ltr'>Hac</span> <span class='ocrx_word' id='word_1_94' title='bbox 789 1867 877 1934; x_wconf 93' lang='lat' dir='ltr'>dere</span> <span class='ocrx_word' id='word_1_95' title='bbox 889 1865 987 1934; x_wconf 86' lang='lat' dir='ltr'>aliter</span> <span class='ocrx_word' id='word_1_96' title='bbox 999 1865 1055 1934; x_wconf 91' lang='lat' dir='ltr'>alii</span> <span class='ocrx_word' id='word_1_97' title='bbox 1070 1877 1263 1935; x_wconf 87' lang='lat' dir='ltr'>senserunt.</span> <span class='ocrx_word' id='word_1_98' title='bbox 1278 1866 1316 1936; x_wconf 93' lang='lat' dir='ltr'>Si</span> <span class='ocrx_word' id='word_1_99' title='bbox 1331 1878 1446 1936; x_wconf 89' lang='lat' dir='ltr'>autern</span> <span class='ocrx_word' id='word_1_100' title='bbox 1458 1865 1552 1954; x_wconf 90' lang='lat' dir='ltr'>ipsos</span> 
     </span>
     <span class='ocr_line' id='line_1_13' title="bbox 323 1989 1550 2079; baseline 0.005 -24"><span class='ocrx_word' id='word_1_101' title='bbox 323 1991 424 2072; x_wconf 86' lang='lat' dir='ltr'>viros,</span> <span class='ocrx_word' id='word_1_102' title='bbox 441 1991 499 2076; x_wconf 86' lang='lat' dir='ltr'>qui</span> <span class='ocrx_word' id='word_1_103' title='bbox 516 1993 620 2078; x_wconf 83' lang='lat' dir='ltr'>hujus</span> <span class='ocrx_word' id='word_1_104' title='bbox 636 1989 767 2079; x_wconf 86' lang='lat' dir='ltr'>negotii</span> <span class='ocrx_word' id='word_1_105' title='bbox 782 2013 861 2078; x_wconf 89' lang='lat' dir='ltr'>pars</span> <span class='ocrx_word' id='word_1_106' title='bbox 873 2013 998 2078; x_wconf 89' lang='lat' dir='ltr'>magna</span> <span class='ocrx_word' id='word_1_107' title='bbox 1015 1992 1167 2076; x_wconf 83' lang='lat' dir='ltr'>fuerunt,</span> <span class='ocrx_word' id='word_1_108' title='bbox 1185 1991 1377 2074; x_wconf 87' lang='lat' dir='ltr'>audiamus,</span> <span class='ocrx_word' id='word_1_109' title='bbox 1396 1990 1550 2078; x_wconf 81' lang='lat' dir='ltr'>pontifex</span> 
     </span>
     <span class='ocr_line' id='line_1_14' title="bbox 325 2115 1552 2202; baseline 0.002 -21"><span class='ocrx_word' id='word_1_110' title='bbox 325 2115 463 2202; x_wconf 89' lang='lat' dir='ltr'>quidem</span> <span class='ocrx_word' id='word_1_111' title='bbox 478 2138 642 2184; x_wconf 88' lang='lat' dir='ltr'>romanus</span> <span class='ocrx_word' id='word_1_112' title='bbox 657 2135 821 2184; x_wconf 87' lang='lat' dir='ltr'>successu</span> <span class='ocrx_word' id='word_1_113' title='bbox 832 2115 1047 2182; x_wconf 90' lang='lat' dir='ltr'>comitiorum</span> <span class='ocrx_word' id='word_1_114' title='bbox 1063 2125 1246 2182; x_wconf 89' lang='lat' dir='ltr'>contentus</span> <span class='ocrx_word' id='word_1_115' title='bbox 1266 2116 1449 2183; x_wconf 89' lang='lat' dir='ltr'>admodum</span> <span class='ocrx_word' id='word_1_116' title='bbox 1470 2135 1552 2183; x_wconf 88' lang='lat' dir='ltr'>eva-</span> 
     </span>
     <span class='ocr_line' id='line_1_15' title="bbox 324 2239 1554 2310; baseline 0 -2"><span class='ocrx_word' id='word_1_117' title='bbox 324 2241 380 2309; x_wconf 87' lang='lat' dir='ltr'>sit.</span> <span class='ocrx_word' id='word_1_118' title='bbox 403 2245 496 2310; x_wconf 82' lang='lat' dir='ltr'>«Ben</span> <span class='ocrx_word' id='word_1_119' title='bbox 513 2242 722 2310; x_wconf 88' lang='lat' dir='ltr'>intendiamo</span> <span class='ocrx_word' id='word_1_120' title='bbox 738 2243 805 2309; x_wconf 91' lang='lat' dir='ltr'>che</span> <span class='ocrx_word' id='word_1_121' title='bbox 820 2250 873 2306; x_wconf 91' lang='lat' dir='ltr'>sta</span> <span class='ocrx_word' id='word_1_122' title='bbox 888 2241 959 2309; x_wconf 88' lang='lat' dir='ltr'>Sua</span> <span class='ocrx_word' id='word_1_123' title='bbox 975 2239 1108 2308; x_wconf 77' lang='lat' dir='ltr'>Santita</span> <span class='ocrx_word' id='word_1_124' title='bbox 1121 2241 1209 2308; x_wconf 90' lang='lat' dir='ltr'>assai</span> <span class='ocrx_word' id='word_1_125' title='bbox 1225 2251 1389 2310; x_wconf 89' lang='lat' dir='ltr'>contento</span> <span class='ocrx_word' id='word_1_126' title='bbox 1401 2241 1457 2310; x_wconf 90' lang='lat' dir='ltr'>del</span> <span class='ocrx_word' id='word_1_127' title='bbox 1473 2262 1554 2308; x_wconf 89' lang='lat' dir='ltr'>suc·</span> 
     </span>
     <span class='ocr_line' id='line_1_16' title="bbox 324 2365 1552 2454; baseline 0.003 -20"><span class='ocrx_word' id='word_1_128' title='bbox 324 2389 422 2436; x_wconf 89' lang='lat' dir='ltr'>cesso</span> <span class='ocrx_word' id='word_1_129' title='bbox 437 2369 526 2436; x_wconf 89' lang='lat' dir='ltr'>della</span> <span class='ocrx_word' id='word_1_130' title='bbox 545 2369 650 2449; x_wconf 88' lang='lat' dir='ltr'>dieta,</span> <span class='ocrx_word' id='word_1_131' title='bbox 668 2368 892 2436; x_wconf 84' lang='lat' dir='ltr'>confessando</span> <span class='ocrx_word' id='word_1_132' title='bbox 919 2365 968 2433; x_wconf 89' lang='lat' dir='ltr'>lui</span> <span class='ocrx_word' id='word_1_133' title='bbox 995 2377 1105 2434; x_wconf 89' lang='lat' dir='ltr'>stesso</span> <span class='ocrx_word' id='word_1_134' title='bbox 1130 2367 1197 2434; x_wconf 86' lang='lat' dir='ltr'>che</span> <span class='ocrx_word' id='word_1_135' title='bbox 1224 2389 1293 2436; x_wconf 92' lang='lat' dir='ltr'>non</span> <span class='ocrx_word' id='word_1_136' title='bbox 1313 2368 1345 2435; x_wconf 94' lang='lat' dir='ltr'>lo</span> <span class='ocrx_word' id='word_1_137' title='bbox 1372 2377 1552 2454; x_wconf 87' lang='lat' dir='ltr'>aspettaua</span> 
     </span>
     <span class='ocr_line' id='line_1_17' title="bbox 325 2491 1554 2578; baseline 0.001 -19"><span class='ocrx_word' id='word_1_138' title='bbox 325 2504 422 2562; x_wconf 89' lang='lat' dir='ltr'>tanto</span> <span class='ocrx_word' id='word_1_139' title='bbox 436 2495 565 2575; x_wconf 91' lang='lat' dir='ltr'>buono,</span> <span class='ocrx_word' id='word_1_140' title='bbox 583 2503 618 2561; x_wconf 89' lang='lat' dir='ltr'>et</span> <span class='ocrx_word' id='word_1_141' title='bbox 633 2493 658 2558; x_wconf 94' lang='lat' dir='ltr'>li</span> <span class='ocrx_word' id='word_1_142' title='bbox 673 2491 843 2574; x_wconf 88' lang='lat' dir='ltr'>catholici,</span> <span class='ocrx_word' id='word_1_143' title='bbox 861 2491 1020 2559; x_wconf 89' lang='lat' dir='ltr'>massime</span> <span class='ocrx_word' id='word_1_144' title='bbox 1036 2492 1169 2578; x_wconf 90' lang='lat' dir='ltr'>prelati,</span> <span class='ocrx_word' id='word_1_145' title='bbox 1187 2494 1303 2560; x_wconf 91' lang='lat' dir='ltr'>hanno</span> <span class='ocrx_word' id='word_1_146' title='bbox 1324 2492 1427 2560; x_wconf 89' lang='lat' dir='ltr'>etiam</span> <span class='ocrx_word' id='word_1_147' title='bbox 1449 2513 1554 2578; x_wconf 91' lang='lat' dir='ltr'>supe-</span> 
     </span>
     <span class='ocr_line' id='line_1_18' title="bbox 324 2615 1553 2705; baseline -0.002 -21"><span class='ocrx_word' id='word_1_148' title='bbox 324 2628 398 2686; x_wconf 92' lang='lat' dir='ltr'>rata</span> <span class='ocrx_word' id='word_1_149' title='bbox 412 2618 446 2686; x_wconf 91' lang='lat' dir='ltr'>la</span> <span class='ocrx_word' id='word_1_150' title='bbox 462 2617 679 2705; x_wconf 87' lang='lat' dir='ltr'>spettatione‚</span> <span class='ocrx_word' id='word_1_151' title='bbox 698 2616 856 2686; x_wconf 89' lang='lat' dir='ltr'>massime</span> <span class='ocrx_word' id='word_1_152' title='bbox 867 2627 998 2701; x_wconf 88' lang='lat' dir='ltr'>quanto</span> <span class='ocrx_word' id='word_1_153' title='bbox 1021 2617 1088 2683; x_wconf 89' lang='lat' dir='ltr'>allo</span> <span class='ocrx_word' id='word_1_154' title='bbox 1104 2625 1254 2685; x_wconf 89' lang='lat' dir='ltr'>accettar</span> <span class='ocrx_word' id='word_1_155' title='bbox 1274 2616 1298 2682; x_wconf 94' lang='lat' dir='ltr'>il</span> <span class='ocrx_word' id='word_1_156' title='bbox 1322 2615 1481 2697; x_wconf 90' lang='lat' dir='ltr'>concilio,</span> <span class='ocrx_word' id='word_1_157' title='bbox 1505 2615 1553 2683; x_wconf 92' lang='lat' dir='ltr'>dil</span> 
     </span>
     <span class='ocr_line' id='line_1_19' title="bbox 327 2740 1552 2829; baseline -0.003 -19"><span class='ocrx_word' id='word_1_158' title='bbox 327 2747 392 2812; x_wconf 92' lang='lat' dir='ltr'>che</span> <span class='ocrx_word' id='word_1_159' title='bbox 408 2742 488 2810; x_wconf 90' lang='lat' dir='ltr'>tutti</span> <span class='ocrx_word' id='word_1_160' title='bbox 504 2742 536 2810; x_wconf 92' lang='lat' dir='ltr'>ci</span> <span class='ocrx_word' id='word_1_161' title='bbox 552 2741 659 2810; x_wconf 90' lang='lat' dir='ltr'>siamo</span> <span class='ocrx_word' id='word_1_162' title='bbox 675 2741 842 2808; x_wconf 89' lang='lat' dir='ltr'>consolati</span> <span class='ocrx_word' id='word_1_163' title='bbox 857 2740 892 2807; x_wconf 93' lang='lat' dir='ltr'>in</span> <span class='ocrx_word' id='word_1_164' title='bbox 913 2741 1082 2808; x_wconf 71' lang='lat' dir='ltr'>Domino»</span> <span class='ocrx_word' id='word_1_165' title='bbox 1102 2741 1202 2829; x_wconf 86' lang='lat'><strong>(159).</strong></span> <span class='ocrx_word' id='word_1_166' title='bbox 1221 2743 1271 2808; x_wconf 90' lang='lat' dir='ltr'>lta</span> <span class='ocrx_word' id='word_1_167' title='bbox 1292 2741 1420 2828; x_wconf 85' lang='lat' dir='ltr'>Borgia</span> <span class='ocrx_word' id='word_1_168' title='bbox 1438 2740 1552 2810; x_wconf 90' lang='lat' dir='ltr'>Natali</span> 
     </span>
     <span class='ocr_line' id='line_1_20' title="bbox 330 2865 1550 2957; baseline -0.002 -21"><span class='ocrx_word' id='word_1_169' title='bbox 330 2869 368 2936; x_wconf 93' lang='lat'>18</span> <span class='ocrx_word' id='word_1_170' title='bbox 376 2867 471 2957; x_wconf 90' lang='lat' dir='ltr'>Junii</span> <span class='ocrx_word' id='word_1_171' title='bbox 488 2869 573 2952; x_wconf 82' lang='lat'>1566</span> <span class='ocrx_word' id='word_1_172' title='bbox 584 2867 763 2936; x_wconf 84' lang='lat' dir='ltr'>referebat.</span> <span class='ocrx_word' id='word_1_173' title='bbox 776 2865 812 2936; x_wconf 92' lang='lat' dir='ltr'>Si</span> <span class='ocrx_word' id='word_1_174' title='bbox 825 2875 940 2934; x_wconf 88' lang='lat' dir='ltr'>autem</span> <span class='ocrx_word' id='word_1_175' title='bbox 953 2865 1065 2954; x_wconf 91' lang='lat' dir='ltr'>ipsum</span> <span class='ocrx_word' id='word_1_176' title='bbox 1078 2868 1235 2935; x_wconf 88' lang='lat' dir='ltr'>Natalem</span> <span class='ocrx_word' id='word_1_177' title='bbox 1247 2866 1478 2948; x_wconf 66' lang='lat' dir='ltr'>consulamus</span> <span class='ocrx_word' id='word_1_178' title='bbox 1493 2885 1550 2945; x_wconf 89' lang='lat' dir='ltr'>en,</span> 
     </span>
     <span class='ocr_line' id='line_1_21' title="bbox 323 2990 1546 3080; baseline 0 -20"><span class='ocrx_word' id='word_1_179' title='bbox 323 2993 413 3062; x_wconf 89' lang='lat' dir='ltr'>inter</span> <span class='ocrx_word' id='word_1_180' title='bbox 428 2993 506 3077; x_wconf 88' lang='lat' dir='ltr'>alia,</span> <span class='ocrx_word' id='word_1_181' title='bbox 524 3013 612 3078; x_wconf 90' lang='lat' dir='ltr'>quae</span> <span class='ocrx_word' id='word_1_182' title='bbox 627 3013 691 3060; x_wconf 90' lang='lat' dir='ltr'>suo</span> <span class='ocrx_word' id='word_1_183' title='bbox 710 2991 903 3079; x_wconf 88' lang='lat' dir='ltr'>praeposito</span> <span class='ocrx_word' id='word_1_184' title='bbox 923 3010 962 3079; x_wconf 90' lang='lat'>19</span> <span class='ocrx_word' id='word_1_185' title='bbox 978 2990 1061 3080; x_wconf 89' lang='lat' dir='ltr'>Julii</span> <span class='ocrx_word' id='word_1_186' title='bbox 1081 2991 1235 3077; x_wconf 88' lang='lat' dir='ltr'>ejusdem</span> <span class='ocrx_word' id='word_1_187' title='bbox 1256 2991 1336 3058; x_wconf 92' lang='lat' dir='ltr'>anni</span> <span class='ocrx_word' id='word_1_188' title='bbox 1354 2990 1546 3060; x_wconf 86' lang='lat' dir='ltr'>nuntiabat:</span> 
     </span>
     <span class='ocr_line' id='line_1_22' title="bbox 322 3115 1552 3204; baseline 0.003 -24"><span class='ocrx_word' id='word_1_189' title='bbox 322 3121 437 3186; x_wconf 73' lang='lat' dir='ltr'>«Partl</span> <span class='ocrx_word' id='word_1_190' title='bbox 452 3118 496 3184; x_wconf 89' lang='lat' dir='ltr'>de</span> <span class='ocrx_word' id='word_1_191' title='bbox 508 3119 670 3204; x_wconf 85' lang='lat' dir='ltr'>Augusta</span> <span class='ocrx_word' id='word_1_192' title='bbox 684 3139 708 3202; x_wconf 88' lang='lat' dir='ltr'><strong>y</strong></span> <span class='ocrx_word' id='word_1_193' title='bbox 722 3116 766 3184; x_wconf 93' lang='lat' dir='ltr'>de</span> <span class='ocrx_word' id='word_1_194' title='bbox 781 3117 813 3184; x_wconf 92' lang='lat' dir='ltr'>la</span> <span class='ocrx_word' id='word_1_195' title='bbox 829 3115 932 3198; x_wconf 89' lang='lat' dir='ltr'>dieta,</span> <span class='ocrx_word' id='word_1_196' title='bbox 951 3137 1018 3202; x_wconf 91' lang='lat' dir='ltr'>que</span> <span class='ocrx_word' id='word_1_197' title='bbox 1033 3137 1071 3184; x_wconf 90' lang='lat' dir='ltr'>se</span> <span class='ocrx_word' id='word_1_198' title='bbox 1086 3117 1251 3198; x_wconf 90' lang='lat' dir='ltr'>acabaua,</span> <span class='ocrx_word' id='word_1_199' title='bbox 1266 3117 1359 3184; x_wconf 88' lang='lat' dir='ltr'>alfin</span> <span class='ocrx_word' id='word_1_200' title='bbox 1374 3117 1418 3184; x_wconf 91' lang='lat' dir='ltr'>de</span> <span class='ocrx_word' id='word_1_201' title='bbox 1434 3119 1552 3204; x_wconf 87' lang='lat' dir='ltr'>Mayo‚</span> 
     </span>
     <span class='ocr_line' id='line_1_23' title="bbox 321 3240 1555 3330; baseline -0.002 -20"><span class='ocrx_word' id='word_1_202' title='bbox 321 3263 389 3312; x_wconf 90' lang='lat' dir='ltr'>con</span> <span class='ocrx_word' id='word_1_203' title='bbox 403 3245 516 3310; x_wconf 89' lang='lat' dir='ltr'>buena</span> <span class='ocrx_word' id='word_1_204' title='bbox 532 3240 642 3329; x_wconf 89' lang='lat' dir='ltr'>gratia</span> <span class='ocrx_word' id='word_1_205' title='bbox 658 3263 680 3327; x_wconf 88' lang='lat' dir='ltr'>y</span> <span class='ocrx_word' id='word_1_206' title='bbox 707 3241 844 3309; x_wconf 88' lang='lat' dir='ltr'>licentia</span> <span class='ocrx_word' id='word_1_207' title='bbox 859 3243 915 3310; x_wconf 84' lang='lat' dir='ltr'>del</span> <span class='ocrx_word' id='word_1_208' title='bbox 935 3242 1042 3308; x_wconf 94' lang='lat' dir='ltr'>lllmo.</span> <span class='ocrx_word' id='word_1_209' title='bbox 1065 3242 1200 3328; x_wconf 83' lang='lat' dir='ltr'>legado,</span> <span class='ocrx_word' id='word_1_210' title='bbox 1223 3242 1256 3308; x_wconf 93' lang='lat' dir='ltr'>el</span> <span class='ocrx_word' id='word_1_211' title='bbox 1275 3241 1353 3308; x_wconf 87' lang='lat' dir='ltr'>eual</span> <span class='ocrx_word' id='word_1_212' title='bbox 1375 3241 1432 3310; x_wconf 83' lang='lat' dir='ltr'>did</span> <span class='ocrx_word' id='word_1_213' title='bbox 1448 3263 1555 3330; x_wconf 78' lang='lat' dir='ltr'>gran-</span> 
     </span>
     <span class='ocr_line' id='line_1_24' title="bbox 324 3366 1557 3453; baseline -0.002 -19"><span class='ocrx_word' id='word_1_214' title='bbox 324 3369 386 3435; x_wconf 90' lang='lat' dir='ltr'>des</span> <span class='ocrx_word' id='word_1_215' title='bbox 397 3368 532 3439; x_wconf 80' lang='lat' dir='ltr'>sedales</span> <span class='ocrx_word' id='word_1_216' title='bbox 547 3368 591 3435; x_wconf 91' lang='lat' dir='ltr'>de</span> <span class='ocrx_word' id='word_1_217' title='bbox 606 3387 661 3434; x_wconf 89' lang='lat' dir='ltr'>ser</span> <span class='ocrx_word' id='word_1_218' title='bbox 673 3389 755 3453; x_wconf 93' lang='lat' dir='ltr'>muy</span> <span class='ocrx_word' id='word_1_219' title='bbox 770 3377 933 3434; x_wconf 89' lang='lat' dir='ltr'>contento</span> <span class='ocrx_word' id='word_1_220' title='bbox 948 3368 1004 3434; x_wconf 89' lang='lat' dir='ltr'>del</span> <span class='ocrx_word' id='word_1_221' title='bbox 1020 3366 1166 3434; x_wconf 90' lang='lat' dir='ltr'>seruicio</span> <span class='ocrx_word' id='word_1_222' title='bbox 1182 3387 1250 3451; x_wconf 90' lang='lat' dir='ltr'>que</span> <span class='ocrx_word' id='word_1_223' title='bbox 1272 3371 1424 3434; x_wconf 87' lang='lat' dir='ltr'>auiamos</span> <span class='ocrx_word' id='word_1_224' title='bbox 1445 3369 1557 3436; x_wconf 88' lang='lat' dir='ltr'>hecho</span> 
     </span>
     <span class='ocr_line' id='line_1_25' title="bbox 324 3492 1553 3578; baseline -0.002 -17"><span class='ocrx_word' id='word_1_225' title='bbox 324 3496 377 3561; x_wconf 92' lang='lat' dir='ltr'>los</span> <span class='ocrx_word' id='word_1_226' title='bbox 394 3504 463 3562; x_wconf 90' lang='lat' dir='ltr'>tres</span> <span class='ocrx_word' id='word_1_227' title='bbox 478 3499 499 3562; x_wconf 76' lang='lat' dir='ltr'>a</span> <span class='ocrx_word' id='word_1_228' title='bbox 514 3494 547 3559; x_wconf 89' lang='lat' dir='ltr'>la</span> <span class='ocrx_word' id='word_1_229' title='bbox 563 3493 645 3562; x_wconf 84' lang='lat' dir='ltr'>sede</span> <span class='ocrx_word' id='word_1_230' title='bbox 661 3492 847 3578; x_wconf 80' lang='lat' dir='ltr'>apostolica</span> <span class='ocrx_word' id='word_1_231' title='bbox 861 3515 884 3578; x_wconf 86' lang='lat' dir='ltr'><strong>y</strong></span> <span class='ocrx_word' id='word_1_232' title='bbox 900 3499 920 3559; x_wconf 80' lang='lat' dir='ltr'>a</span> <span class='ocrx_word' id='word_1_233' title='bbox 937 3493 986 3562; x_wconf 86' lang='lat' dir='ltr'>Su</span> <span class='ocrx_word' id='word_1_234' title='bbox 1003 3493 1149 3562; x_wconf 83' lang='lat' dir='ltr'>Senorla</span> <span class='ocrx_word' id='word_1_235' title='bbox 1169 3493 1275 3560; x_wconf 90' lang='lat' dir='ltr'>lllma.</span> <span class='ocrx_word' id='word_1_236' title='bbox 1301 3493 1332 3558; x_wconf 93' lang='lat' dir='ltr'><strong>Y</strong></span> <span class='ocrx_word' id='word_1_237' title='bbox 1354 3493 1553 3573; x_wconf 88' lang='lat' dir='ltr'>realmente‚</span> 
     </span>
     <span class='ocr_line' id='line_1_26' title="bbox 325 3615 1553 3704; baseline -0.002 -18"><span class='ocrx_word' id='word_1_238' title='bbox 325 3619 449 3702; x_wconf 89' lang='lat' dir='ltr'>Padre,</span> <span class='ocrx_word' id='word_1_239' title='bbox 473 3639 609 3704; x_wconf 92' lang='lat' dir='ltr'>aunque</span> <span class='ocrx_word' id='word_1_240' title='bbox 630 3637 717 3704; x_wconf 91' lang='lat' dir='ltr'>poco</span> <span class='ocrx_word' id='word_1_241' title='bbox 737 3639 758 3685; x_wconf 89' lang='lat' dir='ltr'>a</span> <span class='ocrx_word' id='word_1_242' title='bbox 777 3616 936 3703; x_wconf 91' lang='lat' dir='ltr'>parecido</span> <span class='ocrx_word' id='word_1_243' title='bbox 952 3619 985 3684; x_wconf 92' lang='lat' dir='ltr'>al</span> <span class='ocrx_word' id='word_1_244' title='bbox 1007 3617 1146 3704; x_wconf 80' lang='lat' dir='ltr'>publico</span> <span class='ocrx_word' id='word_1_245' title='bbox 1161 3617 1193 3684; x_wconf 92' lang='lat' dir='ltr'>el</span> <span class='ocrx_word' id='word_1_246' title='bbox 1209 3615 1368 3698; x_wconf 89' lang='lat' dir='ltr'>seruicio,</span> <span class='ocrx_word' id='word_1_247' title='bbox 1387 3637 1450 3703; x_wconf 90' lang='lat' dir='ltr'>por</span> <span class='ocrx_word' id='word_1_248' title='bbox 1469 3639 1553 3686; x_wconf 90' lang='lat' dir='ltr'>auer</span> 
     </span>
     <span class='ocr_line' id='line_1_27' title="bbox 322 3741 1555 3828; baseline -0.002 -16"><span class='ocrx_word' id='word_1_249' title='bbox 322 3743 398 3812; x_wconf 87' lang='lat' dir='ltr'>sido</span> <span class='ocrx_word' id='word_1_250' title='bbox 413 3765 457 3812; x_wconf 91' lang='lat' dir='ltr'>en</span> <span class='ocrx_word' id='word_1_251' title='bbox 473 3765 573 3811; x_wconf 90' lang='lat' dir='ltr'>cosas</span> <span class='ocrx_word' id='word_1_252' title='bbox 599 3752 762 3825; x_wconf 89' lang='lat' dir='ltr'>secretas,</span> <span class='ocrx_word' id='word_1_253' title='bbox 792 3763 864 3808; x_wconf 88' lang='lat' dir='ltr'>mas</span> <span class='ocrx_word' id='word_1_254' title='bbox 887 3763 931 3809; x_wconf 90' lang='lat' dir='ltr'>an</span> <span class='ocrx_word' id='word_1_255' title='bbox 947 3741 1022 3810; x_wconf 90' lang='lat' dir='ltr'>sido</span> <span class='ocrx_word' id='word_1_256' title='bbox 1037 3743 1081 3812; x_wconf 90' lang='lat' dir='ltr'>de</span> <span class='ocrx_word' id='word_1_257' title='bbox 1108 3753 1203 3810; x_wconf 89' lang='lat' dir='ltr'>tanta</span> <span class='ocrx_word' id='word_1_258' title='bbox 1230 3742 1466 3828; x_wconf 89' lang='lat' dir='ltr'>importancia,</span> <span class='ocrx_word' id='word_1_259' title='bbox 1486 3763 1555 3828; x_wconf 93' lang='lat' dir='ltr'>que</span> 
     </span>
     <span class='ocr_line' id='line_1_28' title="bbox 323 3863 1557 3955; baseline -0.002 -19"><span class='ocrx_word' id='word_1_260' title='bbox 323 3869 437 3955; x_wconf 90' lang='lat' dir='ltr'>puedo</span> <span class='ocrx_word' id='word_1_261' title='bbox 449 3868 529 3935; x_wconf 92' lang='lat' dir='ltr'>bien</span> <span class='ocrx_word' id='word_1_262' title='bbox 546 3877 661 3934; x_wconf 92' lang='lat' dir='ltr'>tornar</span> <span class='ocrx_word' id='word_1_263' title='bbox 677 3863 805 3935; x_wconf 79' lang='lat' dir='ltr'>adezir</span> <span class='ocrx_word' id='word_1_264' title='bbox 821 3867 937 3952; x_wconf 90' lang='lat' dir='ltr'>loque</span> <span class='ocrx_word' id='word_1_265' title='bbox 954 3891 974 3936; x_wconf 92' lang='lat' dir='ltr'>e</span> <span class='ocrx_word' id='word_1_266' title='bbox 994 3867 1099 3936; x_wconf 90' lang='lat' dir='ltr'>dicho</span> <span class='ocrx_word' id='word_1_267' title='bbox 1119 3877 1194 3934; x_wconf 88' lang='lat' dir='ltr'>otra</span> <span class='ocrx_word' id='word_1_268' title='bbox 1210 3889 1285 3936; x_wconf 89' lang='lat' dir='ltr'>vez:</span> <span class='ocrx_word' id='word_1_269' title='bbox 1305 3889 1372 3953; x_wconf 90' lang='lat' dir='ltr'>que</span> <span class='ocrx_word' id='word_1_270' title='bbox 1389 3877 1557 3937; x_wconf 88' lang='lat' dir='ltr'>entonces</span> 
     </span>
     <span class='ocr_line' id='line_1_29' title="bbox 324 3991 1559 4080; baseline -0.004 -18"><span class='ocrx_word' id='word_1_271' title='bbox 324 3991 539 4062; x_wconf 88' lang='lat' dir='ltr'>entendimos</span> <span class='ocrx_word' id='word_1_272' title='bbox 567 3998 640 4061; x_wconf 75' lang='lat' dir='ltr'>mas</span> <span class='ocrx_word' id='word_1_273' title='bbox 659 3992 867 4060; x_wconf 88' lang='lat' dir='ltr'>claramente</span> <span class='ocrx_word' id='word_1_274' title='bbox 882 3993 915 4060; x_wconf 92' lang='lat' dir='ltr'>al</span> <span class='ocrx_word' id='word_1_275' title='bbox 936 3991 1120 4079; x_wconf 83' lang='lat' dir='ltr'>particular</span> <span class='ocrx_word' id='word_1_276' title='bbox 1142 4014 1207 4080; x_wconf 93' lang='lat' dir='ltr'>por</span> <span class='ocrx_word' id='word_1_277' title='bbox 1222 3997 1290 4078; x_wconf 81' lang='lat' dir='ltr'>que</span> <span class='ocrx_word' id='word_1_278' title='bbox 1305 3991 1391 4059; x_wconf 90' lang='lat' dir='ltr'>Dios</span> <span class='ocrx_word' id='word_1_279' title='bbox 1414 4001 1559 4060; x_wconf 90' lang='lat' dir='ltr'>nuestro</span> 
     </span>
     <span class='ocr_line' id='line_1_30' title="bbox 323 4115 1562 4206; baseline -0.005 -18"><span class='ocrx_word' id='word_1_280' title='bbox 323 4119 434 4188; x_wconf 83' lang='lat' dir='ltr'>Senor</span> <span class='ocrx_word' id='word_1_281' title='bbox 449 4139 514 4185; x_wconf 89' lang='lat' dir='ltr'>nos</span> <span class='ocrx_word' id='word_1_282' title='bbox 528 4117 641 4186; x_wconf 81' lang='lat' dir='ltr'>embid</span> <span class='ocrx_word' id='word_1_283' title='bbox 656 4141 679 4205; x_wconf 89' lang='lat' dir='ltr'>y</span> <span class='ocrx_word' id='word_1_284' title='bbox 695 4117 883 4206; x_wconf 81' lang='lat' dir='ltr'>coniungid</span> <span class='ocrx_word' id='word_1_285' title='bbox 898 4139 965 4186; x_wconf 93' lang='lat' dir='ltr'>con</span> <span class='ocrx_word' id='word_1_286' title='bbox 982 4119 1015 4187; x_wconf 92' lang='lat' dir='ltr'>el</span> <span class='ocrx_word' id='word_1_287' title='bbox 1031 4121 1072 4186; x_wconf 90' lang='lat' dir='ltr'>P.</span> <span class='ocrx_word' id='word_1_288' title='bbox 1092 4121 1140 4186; x_wconf 89' lang='lat' dir='ltr'>M.</span> <span class='ocrx_word' id='word_1_289' title='bbox 1155 4117 1307 4186; x_wconf 90' lang='lat' dir='ltr'>Canisio.</span> <span class='ocrx_word' id='word_1_290' title='bbox 1323 4119 1373 4186; x_wconf 90' lang='lat' dir='ltr'>La</span> <span class='ocrx_word' id='word_1_291' title='bbox 1384 4137 1467 4184; x_wconf 87' lang='lat' dir='ltr'>cosa</span> <span class='ocrx_word' id='word_1_292' title='bbox 1478 4115 1562 4183; x_wconf 88' lang='lat' dir='ltr'>vino</span> 
     </span>
     <span class='ocr_line' id='line_1_31' title="bbox 323 4240 1562 4332; baseline -0.003 -20"><span class='ocrx_word' id='word_1_293' title='bbox 323 4265 367 4312; x_wconf 90' lang='lat' dir='ltr'>en</span> <span class='ocrx_word' id='word_1_294' title='bbox 384 4245 469 4311; x_wconf 88' lang='lat' dir='ltr'>tales</span> <span class='ocrx_word' id='word_1_295' title='bbox 486 4243 663 4325; x_wconf 68' lang='lat' dir='ltr'>terminos</span> <span class='ocrx_word' id='word_1_296' title='bbox 682 4267 749 4332; x_wconf 91' lang='lat' dir='ltr'>que</span> <span class='ocrx_word' id='word_1_297' title='bbox 772 4245 831 4311; x_wconf 77' lang='lat' dir='ltr'>fue</span> <span class='ocrx_word' id='word_1_298' title='bbox 851 4243 932 4312; x_wconf 90' lang='lat' dir='ltr'>bien</span> <span class='ocrx_word' id='word_1_299' title='bbox 958 4253 1141 4326; x_wconf 79' lang='lat' dir='ltr'>monaster,</span> <span class='ocrx_word' id='word_1_300' title='bbox 1172 4265 1233 4331; x_wconf 89' lang='lat' dir='ltr'>por</span> <span class='ocrx_word' id='word_1_301' title='bbox 1254 4244 1287 4312; x_wconf 90' lang='lat' dir='ltr'>la</span> <span class='ocrx_word' id='word_1_302' title='bbox 1309 4240 1562 4310; x_wconf 80' lang='lat' dir='ltr'>contradiction</span> 
     </span>
     <span class='ocr_line' id='line_1_32' title="bbox 324 4355 1560 4456; baseline 0.001 -22"><span class='ocrx_word' id='word_1_303' title='bbox 324 4391 391 4456; x_wconf 90' lang='lat' dir='ltr'>que</span> <span class='ocrx_word' id='word_1_304' title='bbox 407 4391 451 4438; x_wconf 89' lang='lat' dir='ltr'>en</span> <span class='ocrx_word' id='word_1_305' title='bbox 466 4369 534 4437; x_wconf 90' lang='lat' dir='ltr'>ello</span> <span class='ocrx_word' id='word_1_306' title='bbox 549 4373 640 4453; x_wconf 90' lang='lat' dir='ltr'>aula,</span> <span class='ocrx_word' id='word_1_307' title='bbox 658 4391 726 4456; x_wconf 89' lang='lat' dir='ltr'>que</span> <span class='ocrx_word' id='word_1_308' title='bbox 741 4392 779 4439; x_wconf 88' lang='lat' dir='ltr'>se</span> <span class='ocrx_word' id='word_1_309' title='bbox 800 4379 966 4440; x_wconf 90' lang='lat' dir='ltr'>mostrase</span> <span class='ocrx_word' id='word_1_310' title='bbox 987 4379 1111 4453; x_wconf 92' lang='lat' dir='ltr'>rostro,</span> <span class='ocrx_word' id='word_1_311' title='bbox 1127 4392 1151 4456; x_wconf 89' lang='lat' dir='ltr'><strong>y</strong></span> <span class='ocrx_word' id='word_1_312' title='bbox 1169 4369 1318 4450; x_wconf 89' lang='lat' dir='ltr'>firmeza,</span> <span class='ocrx_word' id='word_1_313' title='bbox 1340 4389 1364 4454; x_wconf 86' lang='lat' dir='ltr'><strong>y</strong></span> <span class='ocrx_word' id='word_1_314' title='bbox 1388 4355 1560 4435; x_wconf 74' lang='lat' dir='ltr'>doctrina²</span> 
     </span>
     <span class='ocr_line' id='line_1_33' title="bbox 324 4490 1559 4582; baseline -0.005 -20"><span class='ocrx_word' id='word_1_315' title='bbox 324 4493 356 4562; x_wconf 91' lang='lat' dir='ltr'>el</span> <span class='ocrx_word' id='word_1_316' title='bbox 371 4492 506 4582; x_wconf 89' lang='lat' dir='ltr'>peligro</span> <span class='ocrx_word' id='word_1_317' title='bbox 530 4513 589 4561; x_wconf 90' lang='lat' dir='ltr'>era</span> <span class='ocrx_word' id='word_1_318' title='bbox 612 4503 671 4560; x_wconf 91' lang='lat' dir='ltr'>tan</span> <span class='ocrx_word' id='word_1_319' title='bbox 687 4496 831 4582; x_wconf 85' lang='lat' dir='ltr'>grande,</span> <span class='ocrx_word' id='word_1_320' title='bbox 850 4515 918 4581; x_wconf 89' lang='lat' dir='ltr'>que</span> <span class='ocrx_word' id='word_1_321' title='bbox 934 4517 997 4582; x_wconf 93' lang='lat' dir='ltr'>por</span> <span class='ocrx_word' id='word_1_322' title='bbox 1012 4514 1131 4564; x_wconf 90' lang='lat' dir='ltr'>menos</span> <span class='ocrx_word' id='word_1_323' title='bbox 1146 4515 1185 4562; x_wconf 89' lang='lat' dir='ltr'>se</span> <span class='ocrx_word' id='word_1_324' title='bbox 1204 4497 1284 4560; x_wconf 92' lang='lat' dir='ltr'>aula</span> <span class='ocrx_word' id='word_1_325' title='bbox 1300 4493 1344 4558; x_wconf 90' lang='lat' dir='ltr'>de</span> <span class='ocrx_word' id='word_1_326' title='bbox 1360 4490 1458 4560; x_wconf 90' lang='lat' dir='ltr'>venir</span> <span class='ocrx_word' id='word_1_327' title='bbox 1475 4497 1495 4559; x_wconf 80' lang='lat' dir='ltr'>a</span> <span class='ocrx_word' id='word_1_328' title='bbox 1511 4513 1559 4556; x_wconf 92' lang='lat' dir='ltr'>un</span> 
     </span>
     <span class='ocr_line' id='line_1_34' title="bbox 322 4615 1557 4706; baseline -0.002 -22"><span class='ocrx_word' id='word_1_329' title='bbox 322 4615 447 4686; x_wconf 88' lang='lat' dir='ltr'>scisma</span> <span class='ocrx_word' id='word_1_330' title='bbox 463 4617 636 4687; x_wconf 85' lang='lat' dir='ltr'>vniuersal</span> <span class='ocrx_word' id='word_1_331' title='bbox 651 4628 718 4687; x_wconf 86' lang='lat' dir='ltr'>etc.</span> <span class='ocrx_word' id='word_1_332' title='bbox 735 4621 958 4706; x_wconf 87' lang='lat' dir='ltr'>Trabajamos</span> <span class='ocrx_word' id='word_1_333' title='bbox 975 4629 1071 4686; x_wconf 90' lang='lat' dir='ltr'>tanto</span> <span class='ocrx_word' id='word_1_334' title='bbox 1088 4619 1189 4686; x_wconf 91' lang='lat' dir='ltr'>todos</span> <span class='ocrx_word' id='word_1_335' title='bbox 1200 4618 1348 4703; x_wconf 80' lang='lat' dir='ltr'>despues</span> <span class='ocrx_word' id='word_1_336' title='bbox 1358 4617 1403 4686; x_wconf 92' lang='lat' dir='ltr'>de</span> <span class='ocrx_word' id='word_1_337' title='bbox 1414 4636 1557 4705; x_wconf 87' lang='lat' dir='ltr'>pascua,</span> 
     </span>
    </p>
   </div>
   <div class='ocr_carea' id='block_1_3' title="bbox 0 0 1752 5392">
    <p class='ocr_par' dir='ltr' id='par_1_4' title="bbox 0 0 1752 5392">
     <span class='ocr_line' id='line_1_35' title="bbox 0 0 1752 5392; baseline 0 0"><span class='ocrx_word' id='word_1_338' title='bbox 0 0 1752 5392; x_wconf 95' lang='lat' dir='ltr'> </span> 
     </span>
    </p>
   </div>
  </div>
 </body>
</html>
