3322 5376
418 493 472 552 51⁰
803 479 907 535 Errsr.
928 480 962 535 P.
989 479 1189 552 Neptu-492

384 634 419 701 di
433 633 554 720 poesia
570 643 605 702 et
620 633 707 700 assai
723 631 973 714 mathematica,
992 633 1061 701 ete
1078 643 1196 702 tenuto
1211 636 1255 701 da
1269 633 1378 700 nostri
1390 653 1450 719 per
1461 645 1607 719 persona

386 749 549 816 uirtuosa.
569 750 614 815 Al
631 750 671 815 Ρ.
691 747 830 815 Canisio
845 747 873 814 si
889 749 1012 814 mando
1030 751 1118 817 Mro.
1140 751 1247 818 Paulo
1263 748 1438 838 Viggiano
1452 771 1513 835 per
1527 749 1594 834 leg·

385 887 448 952 ger
461 863 686 951 philosophia.
705 862 877 932 Mandossi
893 885 1018 930 ancora
1035 866 1121 932 Mro.
1139 863 1285 932 Ricardo
1300 864 1454 946 hiberno,
1468 863 1492 928 il
1503 863 1593 948 quale

383 981 486 1067 legge
516 980 637 1047 adesso
668 978 880 1066 philosophia
909 978 946 1044 in
976 978 1132 1067 Dilinga,
1166 991 1200 1049 et
1235 979 1443 1048 inandarassi
1478 980 1590 1046 adesso

383 1097 469 1164 Mro.
489 1096 597 1163 Paulo
614 1095 729 1178 Oliua,
748 1094 938 1162 sufficiente
953 1118 1014 1182 per
1035 1095 1247 1183 philosophia
1262 1105 1296 1165 et
1311 1095 1488 1162 humanit&
1503 1117 1522 1162 a
1536 1097 1589 1160 ba-

381 1220 510 1289 stanza,
528 1220 562 1280 et
577 1231 626 1277 un
641 1212 728 1278 altro
740 1212 891 1278 Roberto
902 1210 1059 1293 hibern0,
1073 1210 1097 1277 il
1110 1211 1210 1296 quale
1224 1212 1244 1278 ἐ
1256 1210 1334 1278 delli
1346 1210 1405 1297 pih
1421 1209 1590 1277 sufficienti

382 1325 527 1392 scholari
546 1326 602 1393 del
623 1329 662 1392 P.
687 1327 878 1392 Benedetto
902 1329 910 1360 ¹
933 1325 968 1391 di
989 1336 1114 1412 questo
1136 1347 1245 1393 corso.
1271 1327 1315 1392 Et
1338 1347 1424 1393 sono
1446 1325 1552 1410 questi
1573 1343 1591 1406 4

380 1443 485 1508 molto
500 1440 580 1507 boni
595 1441 630 1507 in
647 1440 749 1508 uirth.
770 1443 813 1508 Et
830 1441 922 1508 forsa
937 1463 975 1509 se
991 1441 1015 1506 li
1037 1441 1199 1509 mandata
1213 1462 1262 1506 un
1278 1442 1365 1508 altro
1384 1462 1445 1528 per
1464 1461 1591 1528 grama-

380 1555 450 1623 tica
465 1579 486 1623 o
501 1555 687 1624 humanita.
708 1559 759 1622 De
776 1555 833 1642 pin
850 1554 926 1625 seli
948 1555 1101 1622 rimanda
1116 1555 1140 1621 il
1160 1556 1293 1624 fratello
1309 1556 1391 1623 Vito
1407 1557 1432 1637 ¹,
1457 1555 1479 1621 il
1501 1556 1590 1640 quale

382 1673 429 1737 V.
452 1673 493 1738 R.
512 1672 635 1737 mando
652 1693 671 1736 a
688 1673 808 1751 Roma,
827 1691 891 1737 con
910 1693 956 1738 un
972 1671 1058 1737 altro
1070 1668 1217 1751 nouici0,
1231 1669 1255 1736 il
1267 1671 1368 1756 quale
1381 1693 1450 1738 non
1461 1669 1489 1738 si
1504 1679 1590 1736 troua

381 1787 470 1855 bene
484 1786 553 1873 qui.
572 1786 797 1854 Conduttiere
812 1787 885 1852 loro
902 1787 977 1855 sarh
993 1785 1016 1852 il
1034 1787 1074 1852 P.
1092 1786 1247 1853 Gerardo
1263 1785 1414 1854 Pastelio
1430 1787 1454 1851 ⁸.

449 1920 481 1969 2.
530 1903 575 1970 Al
592 1905 631 1969 P.
651 1901 804 1970 Oliuerio
826 1902 839 1934 ⁴
862 1900 891 1967 si
913 1901 1038 1969 manda
1062 1923 1109 1968 un
1132 1903 1286 1970 francese
1312 1903 1367 1967 ch'
1393 1903 1436 1967 ha
1457 1899 1547 1966 finito
1567 1896 1586 1962 il

381 2037 480 2084 corso
495 2017 529 2082 d’
547 2017 610 2084 arti
626 2018 758 2100 adesso,
777 2018 872 2085 detto
887 2015 1062 2085 Giovanni
1077 2015 1279 2100 Grangione
1292 2018 1317 2100 ⁸,
1331 2026 1367 2086 et
1379 2038 1427 2083 un
1438 2017 1519 2082 altro
1529 2013 1586 2079 ita-

381 2132 483 2213 liano‚
501 2155 561 2219 per
577 2153 677 2200 nome
694 2131 839 2218 Ignatio,
857 2131 882 2198 il
898 2131 998 2217 quale
1013 2131 1074 2198 fini
1089 2131 1113 2196 il
1128 2152 1227 2198 corso
1242 2132 1286 2198 de
1301 2129 1366 2200 arti
1381 2130 1405 2196 l’
1418 2153 1504 2198 anno
1515 2151 1585 2216 pas-

382 2257 467 2328 sato,
486 2257 521 2316 et
535 2245 637 2332 dopoi
653 2248 698 2312 ha
714 2245 895 2333 insegnato
909 2247 1098 2327 humanita,
1117 2247 1193 2313 nela
1214 2247 1314 2332 quale
1329 2257 1364 2313 et
1386 2247 1421 2312 in
1433 2243 1584 2313 rhetorica

382 2364 403 2429 e
417 2361 504 2430 assai
520 2361 586 2429 ben
604 2371 737 2428 uersato
753 2373 787 2428 et
808 2364 910 2430 credo
925 2365 1001 2429 sara
1018 2365 1125 2429 anche
1140 2372 1214 2430 atto
1230 2383 1292 2448 per
1311 2362 1432 2449 legger
1452 2360 1586 2448 philoso

381 2477 472 2564 phia,
491 2478 556 2544 alla
571 2477 671 2562 quale
687 2477 706 2542 ὁ
727 2475 899 2544 inclinato.
920 2479 1014 2544 Poco
1029 2476 1142 2544 inanzi
1157 2477 1186 2543 si
1201 2477 1325 2544 mando
1341 2477 1373 2544 al
1390 2479 1429 2544 P.
1448 2473 1584 2544 Oliuerio
1644 2509 1645 2532 .

382 2595 468 2662 Mro.
482 2595 623 2681 Jacomo
639 2613 774 2661 scosese
788 2613 849 2678 per
865 2594 1006 2680 leggere
1021 2592 1046 2658 il
1068 2613 1166 2660 corso
1180 2593 1216 2659 in
1232 2591 1360 2680 Parigi;
1384 2603 1419 2660 et
1437 2602 1547 2677 questa
1567 2589 1583 2655 ἑ

382 2709 414 2775 la
430 2707 623 2795 prouisione
639 2709 703 2774 che
719 2709 763 2775 N.
788 2709 828 2774 P.
852 2709 975 2776 manda
998 2718 1120 2794 questo
1144 2718 1298 2775 autunno
1321 2731 1341 2774 a
1364 2709 1473 2795 quelle
1493 2705 1579 2794 parti.

383 2824 490 2909 Spero
506 2825 570 2891 che
586 2824 630 2890 N.
646 2824 682 2892 S.
698 2822 727 2888 si
739 2823 869 2918 seruira
880 2825 985 2892 molto
1000 2823 1034 2889 di
1050 2823 1134 2905 loro,
1148 2845 1211 2910 per
1222 2845 1315 2892 esser
1327 2821 1468 2890 uirtuosi
1481 2833 1512 2890 et
1522 2823 1580 2888 ben
1643 2915 1644 2920 ἵ

384 2938 512 3005 fondati
528 2939 616 3005 nella
632 2937 812 3005 uocatione
827 2929 902 3005 sua.
919 2939 964 3005 D'
987 2939 1072 3005 altre
1092 2959 1183 3020 cose,
1203 2949 1297 3024 parte
1319 2937 1467 3005 scriuera
1480 2939 1519 3004 N.
1545 2939 1577 3002 P.

382 3053 516 3152 istesso
535 3065 568 3122 et
584 3065 680 3140 parte
696 3053 725 3122 si
740 3053 890 3122 scriuera
910 3077 971 3140 per
986 3055 1081 3121 altre.
1105 3056 1158 3121 Ne
1178 3055 1263 3121 altro
1282 3076 1321 3121 se
1344 3075 1412 3120 non
1436 3056 1495 3120 che
1512 3047 1579 3116 tutti

381 3168 414 3235 ci
429 3168 720 3236 raccomandiamo
736 3169 800 3238 alle
815 3167 960 3237 orationi
975 3179 1010 3236 et
1026 3168 1182 3236 sacrificii
1197 3168 1232 3234 di
1248 3170 1292 3237 V.
1311 3170 1352 3236 R.
1368 3178 1402 3238 et
1417 3169 1471 3237 del
1482 3169 1514 3234 P.
1527 3163 1580 3234 Xi-

382 3304 501 3350 menez
516 3294 581 3352 etc.
601 3285 646 3351 Al
664 3285 703 3350 P.
728 3282 881 3352 Oliuerio
904 3284 993 3351 forsa
1013 3283 1043 3351 si
1064 3283 1253 3350 rimandara
1272 3306 1321 3351 un
1341 3285 1510 3352 sacerdote
1528 3283 1580 3347 che
1642 3331 1643 3368 .

382 3399 506 3466 mando
519 3408 638 3485 questo
655 3421 746 3465 anno
763 3410 898 3485 passato
914 3421 981 3485 qua
996 3420 1057 3486 per
1077 3399 1188 3465 aiutar
1207 3398 1242 3464 in
1266 3399 1411 3486 qualche
1429 3395 1580 3466 nouiciato

383 3512 418 3578 di
433 3535 495 3580 sua
511 3512 698 3599 prouincia.
718 3513 763 3580 Di
778 3516 900 3598 Roma,
917 3514 941 3581 li
961 3533 999 3582 12
1015 3513 1050 3580 di
1061 3514 1202 3601 ‘Agosto
1223 3515 1318 3598 1567.

382 3680 579 3691 ————

434 3780 442 3810 ¹
479 3777 656 3834 Benedictus
669 3777 796 3846 Pereia,
810 3779 901 3836 lector
913 3779 1111 3852 philosophiae
1124 3779 1154 3834 in
1166 3779 1291 3851 collegio
1304 3794 1432 3836 romano.

433 3872 445 3903 ¹
483 3868 569 3922 Vltus
582 3865 680 3922 Liner.
695 3866 770 3922 Vide
784 3868 870 3939 epist.
884 3866 947 3938 434,
961 3886 991 3924 n.
1006 3881 1032 3924 2.

434 3959 445 3991 ³
483 3955 559 4010 Vide
573 3971 669 4026 supra,
684 3971 750 4027 pag.
766 3953 827 4028 332,
842 3963 940 4012 annot.
955 3955 981 4012 3.

432 4049 444 4081 ⁴
480 4045 626 4112 Manereo,
642 4043 815 4115 provinciali
827 4044 976 4102 Franciae.

434 4137 445 4170 ⁵
482 4134 571 4190 Forte
585 4141 631 4188 est
645 4132 772 4203 joannes
786 4133 980 4204 Grangianus‚
995 4133 1078 4208 cujus
1091 4150 1214 4190 examen
1227 4133 1514 4207 edidimusinEpirt.
1527 4131 1576 4188 ha·

380 4223 447 4288 tat,
461 4221 500 4293 11,
515 4221 577 4292 562.
