3482 5386
443 488 496 555 762
877 491 980 544 Eersr.
1002 489 1035 543 P.
1057 489 1170 545 Nanos

408 639 486 704 nale
502 637 653 720 Amuli0,
672 638 695 704 il
712 640 791 726 qual
807 662 876 706 non
892 641 1004 710 scriue
1021 641 1136 708 niente
1153 643 1217 710 che
1229 640 1262 707 io
1278 640 1373 721 uadi,
1391 660 1485 706 como
1505 637 1613 725 prima,

405 750 428 794 a
444 725 563 793 uisitar
579 727 690 811 questi
706 729 826 815 prelati
842 729 877 794 di
894 730 1097 816 Alemagna.
1117 731 1226 816 Spero
1240 733 1305 798 che
1319 729 1368 796 lui
1378 729 1405 796 si
1418 727 1610 806 contentari,

408 837 469 901 per
484 817 516 884 le
537 815 693 902 raggioni
715 817 793 884 miei
814 839 834 884 a
854 817 902 883 lui
922 819 1038 888 scritte
1053 821 1087 884 d'
1106 821 1263 904 Ispruch‚
1281 828 1314 885 et
1336 827 1455 903 questo
1474 819 1545 882 sarri
1563 815 1613 900 pii

405 903 605 990 espediente
621 927 723 972 senza
737 906 841 972 dubio
857 928 917 992 per
933 907 1090 994 maggior
1106 908 1193 974 bene
1213 907 1247 972 di
1264 919 1381 974 nostra
1395 902 1604 990 Compagnia.

407 995 451 1059 Et
466 994 589 1078 perche
606 992 628 1059 il
647 997 685 1060 P.
705 997 748 1061 D.
768 997 868 1062 Natal
884 994 1021 1083 giudica
1037 996 1162 1082 meglio
1178 1000 1253 1062 sara
1268 999 1332 1064 che
1347 995 1380 1061 io
1396 1015 1464 1060 non
1479 993 1610 1060 scriuaa

404 1082 518 1166 questi
535 1081 654 1167 prelati
670 1083 704 1148 di
721 1086 840 1163 Roma,
858 1106 965 1170 penso
982 1085 1014 1150 io
1029 1085 1064 1151 di
1080 1085 1165 1150 farlo
1180 1086 1285 1150 molto
1303 1083 1489 1151 uolontieri.

474 1171 608 1238 Adesso
631 1171 726 1240 detto
751 1175 790 1238 P.
809 1173 910 1239 Natal
931 1185 984 1239 sta
1004 1173 1213 1259 negotiando
1234 1195 1293 1259 per
1316 1172 1454 1240 mandar
1473 1181 1609 1256 prestoa

363 1328 368 1338 ,
406 1258 524 1326 Parise
542 1263 588 1326 M.
608 1260 773 1326 Giacomo
789 1261 993 1329 Valentiano
1009 1265 1062 1328 col
1078 1265 1121 1328 D.
1141 1265 1312 1329 Tlmmaso
1328 1262 1467 1346 anglese
1482 1271 1514 1326 et
1526 1257 1610 1322 Wal-

407 1358 481 1414 tero
498 1347 630 1413 fratello
645 1350 699 1415 del
716 1352 755 1415 P.
775 1350 967 1416 Edmundo.
1204 1409 1214 1432 ,

533 1437 673 1520 Quanto
689 1439 753 1504 alle
770 1439 901 1524 fatighe
922 1448 1056 1524 passate
1076 1439 1130 1505 del
1153 1441 1264 1507 Padre
1280 1436 1434 1504 visitator
1454 1435 1489 1501 in
1507 1445 1611 1519 questa

406 1523 593 1610 prouincia,
612 1546 696 1591 sono
712 1536 800 1592 state
815 1529 947 1613 grande
962 1537 996 1596 et
1014 1528 1180 1594 fruttuose
1197 1527 1231 1594 in
1248 1526 1342 1593 molti
1358 1524 1459 1592 modi.
1479 1525 1522 1592 Se
1537 1524 1611 1588 uede

402 1609 637 1680 chiaramente
652 1617 717 1683 che
732 1616 765 1679 la
781 1616 957 1700 prouincia
972 1615 1097 1681 habbia
1112 1615 1199 1682 assai
1211 1616 1319 1702 patito
1331 1637 1390 1700 per
1406 1614 1516 1700 quello
1527 1632 1609 1676 man·

403 1712 575 1782 cament0,
590 1705 654 1770 che
666 1705 710 1769 ne
722 1703 767 1784 i0,
778 1705 820 1771 ne
831 1704 896 1770 mio
908 1705 1052 1784 fratello,
1062 1706 1207 1773 essendo
1219 1703 1437 1790 prouinciale,
1448 1713 1609 1788 potenamo

403 1789 533 1858 andare
548 1791 684 1858 intorno
702 1813 761 1876 per
777 1793 895 1859 uisitar
911 1815 1027 1878 spesso
1043 1793 1065 1858 li
1085 1793 1222 1873 fratelli,
1241 1793 1385 1861 essendo
1401 1812 1470 1857 uno
1486 1787 1608 1887 alligato

405 1877 471 1944 alla
487 1880 624 1947 catedra
638 1879 674 1944 di
690 1882 863 1967 Augusta,
881 1892 916 1948 et
931 1884 953 1947 l'
971 1883 1057 1948 altro
1073 1882 1106 1948 al
1125 1881 1270 1968 collegio
1290 1892 1324 1948 et
1344 1889 1504 1946 rettorato
1522 1876 1607 1941 dilm-

404 1988 521 2052 gense.
546 1969 648 2036 Onde
668 1968 691 2034 il
714 1971 823 2036 Padre
842 1969 1017 2039 visitatore
1044 1991 1148 2056 pensa
1169 1970 1203 2036 in
1228 1970 1310 2054 ogni
1330 1970 1431 2034 modo
1450 1967 1483 2032 di
1504 1965 1549 2031 lar
1568 1984 1607 2028 un

406 2055 593 2140 prouincial
609 2057 726 2136 libero,
746 2069 780 2126 et
795 2069 946 2125 monstra
961 2062 1059 2146 segni
1081 2058 1115 2124 di
1138 2061 1233 2127 uoler
1252 2059 1453 2125 confirmare
1468 2059 1514 2123 M.
1531 2054 1607 2152 Her-⁸

406 2155 496 2211 mete
518 2147 602 2229 'per
624 2146 834 2230 predicatore
857 2147 891 2213 di
913 2149 1086 2234 Augusta,
1105 2169 1142 2214 se
1162 2147 1190 2214 si
1208 2148 1441 2233 portarabene
1460 2145 1492 2211 in
1513 2151 1607 2226 questi

404 2231 502 2312 mesi,
520 2234 610 2300 doue
625 2234 673 2299 lui
689 2235 826 2321 predica
852 2257 917 2302 con
938 2236 1162 2302 satisfattione
1183 2237 1275 2322 degl'
1294 2233 1453 2313 auditori,
1470 2232 1505 2298 di
1520 2229 1604 2296 modo

404 2322 470 2387 che
486 2321 519 2386 io
536 2324 680 2388 tornassi
697 2324 754 2389 all'
773 2323 878 2391 offitio
894 2325 949 2390 del
961 2324 1181 2411 prouinciale,
1195 2334 1229 2394 et
1242 2335 1361 2409 questo
1374 2324 1523 2388 almanco
1533 2317 1607 2384 insin

404 2413 470 2477 che
487 2409 533 2474 lui
552 2412 696 2477 tornassi
712 2413 746 2477 d'
765 2413 917 2480 Austria.

533 2500 603 2565 Pur
618 2521 718 2584 sopra
734 2512 856 2586 questo
873 2501 1012 2587 negotio
1028 2501 1110 2566 uuol
1130 2521 1253 2568 ancora
1273 2501 1296 2566 il
1318 2502 1358 2567 Ρ.
1378 2499 1475 2566 Natal
1496 2495 1606 2582 parlare

402 2588 458 2652 col
479 2589 576 2654 Rmo.
595 2589 782 2672 cardinale,
802 2589 895 2656 accio
917 2589 964 2656 lui
985 2611 1022 2658 se
1043 2589 1196 2656 contenti
1216 2591 1305 2658 della
1325 2588 1513 2654 mutatione
1532 2581 1604 2650 dello

405 2674 617 2760 predicatore
637 2677 671 2742 in
694 2680 892 2764 Augusta...
911 2679 976 2746 Del
997 2688 1088 2744 resto
1108 2678 1256 2744 seriuerd
1277 2678 1301 2742 il
1323 2678 1432 2744 Padre
1451 2673 1604 2740 visitatore

402 2785 464 2848 per
479 2766 512 2829 la
528 2763 634 2850 prima
654 2767 825 2833 comodita
845 2768 903 2854 piu
923 2766 1165 2847 difusamente,
1183 2767 1259 2834 anzi
1278 2767 1399 2834 adesso
1421 2765 1536 2832 manda
1553 2781 1600 2826 an·

401 2873 482 2918 cora
498 2854 529 2919 le
542 2874 644 2921 sue...

985 3026 1048 3091 XII

854 3155 1056 3214 ANTONIUS
1075 3156 1177 3214 BRUS

648 3291 803 3352 JOANNI
831 3293 1065 3340 FRANCISCO
1093 3293 1206 3341 COMM
1216 3293 1384 3341 ENDONO

789 3407 935 3490 Pragae‚
958 3422 996 3488 17
1013 3405 1094 3493 Julii
1116 3407 1199 3489 1566
1215 3406 1240 3471 ¹.

639 3535 684 3590 Da
698 3537 829 3606 quodam
843 3539 1025 3594 monasterio
1039 3537 1182 3593 Societati
1193 3538 1388 3610 applicando.

528 3649 604 3716 lll.¹⁵
619 3653 729 3718 Dnus.
749 3675 768 3718 a
784 3653 883 3720 Rosis
899 3655 973 3719 uult
989 3655 1230 3722 monasterium
1251 3654 1424 3741 quoddam
1444 3652 1478 3719 in
1493 3671 1547 3718 sua
1558 3643 1599 3710 di-

404 3737 507 3818 tione,
523 3738 650 3806 ordinis
665 3740 906 3807 canonicorum
923 3741 1143 3828 regularium,
1162 3745 1254 3828 quod
1265 3743 1404 3808 vnicum
1418 3750 1540 3808 tantum
1551 3737 1599 3831 ha-

403 3828 462 3892 bet
477 3827 558 3893 satis
575 3828 778 3898 insolentem
795 3843 829 3898 et
845 3830 1045 3897 dissolutum
1061 3832 1196 3898 fratrem
1209 3834 1234 3911 ³,
1254 3832 1404 3911 tradere,
1423 3851 1499 3896 cum
1511 3843 1584 3892 omni

402 3916 467 3980 bus
484 3917 715 4000 proventibuS,
735 3918 793 4002 qui
809 3941 912 4004 supra
932 3919 1022 3987 mille
1039 3922 1161 3988 taleros
1177 3922 1378 3998 ascendunt,
1406 3917 1553 3986 Patribus
1565 3910 1598 3974 de
1700 3995 1701 4016 Χ

400 4003 677 4093 SocietateJesv.
697 4005 824 4094 Scripsi
841 4011 905 4074 hac
921 4009 963 4074 de
984 4031 1019 4076 re
1041 4031 1150 4096 nuper
1170 4031 1286 4076 eorum
1308 4007 1499 4094 praeposito
1512 4019 1598 4090 gene·
1700 4025 1701 4052 ¹

457 4209 464 4240 ¹
504 4209 671 4281 Halpawer.

455 4301 466 4334 ¹
503 4300 547 4352 Ex
562 4302 755 4372 autographo,
770 4301 799 4356 in
813 4300 878 4358 cod.
893 4301 988 4356 Vatic.
1007 4301 1120 4357 Lattara
1136 4303 1172 4358 de
1187 4301 1338 4374 principii
1347 4342 1355 4372 ,
1369 4315 1415 4370 27,
1428 4299 1477 4355 iol.
1494 4295 1545 4352 131.
1557 4291 1596 4346 Εἰ·

398 4395 501 4458 cerpta
511 4405 547 4442 ex
559 4388 684 4459 epistola
694 4389 769 4444 ΗΜ
780 4389 901 4444 Antonii
911 4391 985 4444 Brus
995 4390 1044 4459 (de
1056 4389 1417 4462 Muglitz)‚archiepiscopi
1428 4381 1563 4461 pragensis
1570 4373 1598 4430 ad

398 4474 578 4532 cardinalem
593 4477 857 4550 Commendonum,
875 4478 924 4534 die
940 4491 972 4547 17
991 4479 1063 4550 Julii
1085 4479 1153 4535 anni
1169 4479 1248 4551 1566,
1261 4479 1342 4535 data.
1359 4477 1436 4534 Vide
1449 4477 1530 4550 epist·
1548 4465 1596 4540 432»

400 4581 454 4619 nn.
469 4581 486 4634 4
500 4574 530 4620 et
542 4567 570 4635 6;
585 4575 616 4622 et
629 4565 694 4638 437,
708 4585 758 4624 nn.
773 4568 790 4623 8
804 4577 835 4623 et
847 4583 874 4637 9.

454 4653 465 4688 ¹
503 4656 548 4710 De
560 4657 615 4711 hoc
628 4656 735 4713 abbate
747 4659 830 4730 plura
843 4658 989 4713 habentur
1002 4673 1098 4729 supra,
1113 4671 1180 4730 pag.
1195 4653 1259 4728 239,
1272 4663 1372 4712 annot.
1390 4667 1415 4711 1.
