3494 5392
640 480 777 537 Nonrm
796 492 940 538 conrcuu
1289 493 1367 538 xxix

157 640 306 698 notatus:
322 633 498 700 «Decreta
509 642 546 698 et
557 631 813 702 instructiones,
835 647 1018 717 154o·73.»
1032 632 1137 700 Foliis
1150 633 1401 714 282coalescit,
1496 689 1501 698 .

157 747 382 832 iudicemque
393 748 548 814 solutum
562 747 807 828 habet,ordine
818 747 1032 834 alphabetico
1043 747 1259 834 dispositum.
1275 750 1399 817 Conti-

160 873 214 931 net
226 862 482 932 instructiones
493 873 528 930 et
539 864 691 947 decreta,
704 863 827 950 partim
840 867 1037 951 archetypa,
1051 863 1174 949 partim
1187 868 1399 952 apographa,

160 989 472 1065 contemporanea,
490 979 635 1046 diversis
651 979 831 1048 Societatis
846 979 1001 1065 personis
1017 981 1108 1048 data.

675 1158 815 1221 Codex
829 1155 897 1224 M.

222 1330 387 1394 Litterae
412 1329 674 1414 patentes-ln
703 1329 759 1409 f.⁰,
789 1328 999 1414 compositus
1026 1342 1060 1399 et
1086 1332 1151 1398 hac
1178 1330 1402 1418 inscriptione

157 1443 361 1510 distinctus:
396 1443 567 1513 «Litterae
593 1453 762 1530 patentes,
796 1459 976 1532 1545-99.n
1006 1449 1229 1514 Monumenta
1253 1465 1327 1530 100,
1346 1457 1401 1513 tot

159 1559 311 1628 numeris
332 1559 486 1646 signata,
505 1558 670 1641 continet,
689 1569 727 1626 ut
749 1559 935 1646 plurimum
962 1559 1152 1647 originalia:
1182 1571 1263 1628 sunt
1284 1561 1399 1647 aliqua
1482 1579 1486 1590 ’

161 1687 394 1760 transumpta.
413 1675 493 1741 Non
508 1673 622 1742 omnia
643 1685 724 1744 sunt
740 1675 894 1760 ejusdem
911 1674 1170 1761 magnitudinis,
1196 1677 1269 1757 sed,
1296 1687 1402 1762 prout

162 1811 214 1859 res
227 1792 384 1870 ferebat,
404 1788 542 1874 majoris
557 1790 612 1858 vel
627 1789 779 1864 minoris:
798 1800 832 1859 et
847 1789 913 1856 alia
929 1790 1065 1875 quidem
1082 1812 1102 1857 a
1118 1791 1319 1878 praepositis
1335 1813 1397 1878 gev-

166 1905 355 1986 neralibus,
375 1905 444 1971 alia
464 1906 508 1971 ab
531 1904 605 1973 aliis
621 1905 833 1975 diversarum
859 1903 1111 1992 provinciarum
1138 1908 1194 1975 vel
1220 1909 1401 1975 domorum

171 2019 412 2106 superioribus
428 2021 521 2088 data.

673 2195 812 2258 Codex
837 2195 906 2257 us,

228 2367 409 2452 Epistotae
421 2368 601 2454 generalis
617 2367 663 2431 ad
674 2367 874 2452 prouincias
890 2367 1007 2434 Rheni
1021 2373 1052 2434 et
1071 2369 1282 2435 Germaniae
1297 2375 1403 2453 supe-

168 2483 419 2551 rioris.-Duo
435 2491 518 2548 sunt
534 2480 687 2548 fasciculi
700 2480 736 2547 in
752 2480 807 2563 f.⁰,
819 2481 855 2548 in
868 2503 975 2549 unum
987 2484 1147 2551 volumen
1160 2483 1268 2568 ligati,
1288 2493 1324 2550 et
1336 2487 1406 2550 hoc

169 2595 264 2663 titulo
279 2597 425 2684 signati:
447 2597 617 2665 «Litterae
632 2599 678 2666 A.
697 2600 739 2665 R.
758 2601 800 2666 P.
818 2599 863 2666 N.
882 2598 925 2663 ad
938 2597 1129 2683 provincias
1141 2598 1251 2665 Rheni
1264 2609 1298 2668 et
1310 2599 1403 2666 Ger-

172 2711 303 2782 maniae
316 2711 518 2799 superioris.
529 2712 755 2795 157o1581.»
767 2712 863 2779 Prior
875 2711 1070 2792 fasciculus,
1086 2739 1099 2774 «
1105 2713 1135 2798 a)
1142 2739 1155 2774 »
1171 2715 1214 2778 ad
1227 2716 1400 2793 Rhenum;

175 2827 268 2908 alter,
295 2828 372 2914 abl»
392 2828 437 2894 ad
457 2826 678 2895 Germaniam
698 2827 907 2913 superiorem
936 2837 1080 2913 spectat.
1102 2827 1218 2894 Indice
1245 2839 1404 2914 separato

176 2951 318 3029 uterque
337 2942 569 3028 locupletatus
588 2953 652 3010 est.
681 2941 880 3008 Fasciculus
902 2942 972 3028 «3)»
996 2942 1148 3011 continet
1167 2943 1329 3029 ¹epistolas
1344 2965 1364 3010 a
1381 2959 1402 3026 5

177 3057 264 3124 Nov.
287 3060 376 3142 1576
391 3059 436 3124 ad
448 3077 491 3142 23
503 3061 589 3126 Dec.
609 3058 689 3141 1581
703 3057 924 3143 pertinenter,
941 3056 1029 3123 loliis
1041 3059 1097 3139 48.
1111 3058 1309 3125 Fasciculus
1325 3059 1401 3146 «bl»

177 3173 391 3257 protenditur
408 3196 428 3240 a
445 3187 463 3256 5
481 3174 573 3240 Νον.
596 3173 681 3255 1576
696 3171 740 3239 ad
758 3187 776 3256 5
793 3173 883 3240 Nov,
907 3172 1003 3255 1580,
1022 3171 1112 3238 foliis
1128 3192 1183 3260 49.

678 3350 816 3412 Codex
828 3347 900 3413 19.

240 3525 475 3590 Fundationes
501 3525 723 3610 collegiorum
745 3522 947 3606 provinciae
972 3520 1236 3589 Castaliae-ln
1256 3517 1314 3601 f.⁰‚
1332 3539 1404 3584 non

180 3637 317 3725 ligants,
335 3641 435 3726 plura
451 3647 685 3717 monumenta,
700 3659 719 3703 a
732 3636 876 3703 diversis
888 3635 1026 3721 scripta,
1041 3636 1084 3702 ad
1098 3633 1314 3700 fundationes
1330 3633 1406 3700 col-

183 3753 349 3840 legiorum
376 3755 546 3823 Castellae
572 3751 782 3840 spectantia,
812 3750 1032 3836 numerisque
1059 3749 1207 3836 signata,
1236 3747 1405 3816 continet.

185 3867 335 3936 Primum
348 3872 590 3938 documentum
603 3890 746 3936 numero
763 3868 821 3934 161
838 3876 986 3947 notatur3
999 3865 1154 3932 ultimum
1166 3885 1310 3930 numero
1324 3883 1404 3952 349.

186 3984 251 4050 Alii
265 3985 401 4055 numeri
419 3986 455 4052 in
475 3984 621 4072 singulis
639 3980 855 4050 documentis
875 3980 1103 4067 reperiuntur,
1124 3979 1182 4065 qui
1203 3980 1246 4046 ad
1267 3979 1405 4046 codices

183 4101 366 4184 pertinent,
384 4103 475 4168 unde
491 4101 548 4167 illa
562 4101 743 4185 desumpta
760 4100 912 4165 luerunt.

671 4274 809 4339 codex
838 4273 909 4339 5⁰.
937 4285 940 4290 ’

245 4451 414 4538 Epistulae
433 4451 589 4516 virorum
613 4443 984 4514 venerabilium-Est
1006 4442 1162 4512 collectio
1184 4441 1404 4529 epistolarum

188 4567 379 4650 solutarum,
405 4587 492 4651 quae
507 4564 542 4630 in
565 4585 669 4650 capsa
689 4560 788 4629 simul
811 4569 1042 4639 asservantur,
1067 4558 1277 4626 reverentiae
1300 4577 1407 4625 causa

189 4701 268 4770 erga
281 4683 371 4751 viros
385 4680 566 4750 sanctitate
582 4677 798 4765 conspicuos,
816 4674 875 4761 qui
890 4695 948 4745 eas
963 4683 1159 4744 exararunt.
