<?xml version="1.0" encoding="UTF-8"?>
<!DOCTYPE html PUBLIC "-//W3C//DTD XHTML 1.0 Transitional//EN"
    "http://www.w3.org/TR/xhtml1/DTD/xhtml1-transitional.dtd">
<html xmlns="http://www.w3.org/1999/xhtml" xml:lang="en" lang="en">
 <head>
  <title>
</title>
<meta http-equiv="Content-Type" content="text/html;charset=utf-8" />
  <meta name='ocr-system' content='tesseract 3.04.00' />
  <meta name='ocr-capabilities' content='ocr_page ocr_carea ocr_par ocr_line ocrx_word'/>
</head>
<body>
  <div class='ocr_page' id='page_1' title='image "./epistolaephiero01nadagoog_0539.png"; bbox 0 0 3322 5376; ppageno 0'>
   <div class='ocr_carea' id='block_1_1' title="bbox 416 477 1184 557">
    <p class='ocr_par' dir='ltr' id='par_1_1' title="bbox 416 477 1184 557">
     <span class='ocr_line' id='line_1_1' title="bbox 416 477 1184 557; baseline -0.008 -15"><span class='ocrx_word' id='word_1_1' title='bbox 416 501 471 557; x_wconf 83' lang='lat'>500</span> <span class='ocrx_word' id='word_1_2' title='bbox 800 482 905 537; x_wconf 76' lang='lat' dir='ltr'>Errsv.</span> <span class='ocrx_word' id='word_1_3' title='bbox 926 481 959 536; x_wconf 88' lang='grc' dir='ltr'>Ρ.</span> <span class='ocrx_word' id='word_1_4' title='bbox 980 477 1184 552; x_wconf 69' lang='lat' dir='ltr'>Nunti-489</span> 
     </span>
    </p>
   </div>
   <div class='ocr_carea' id='block_1_2' title="bbox 326 629 1652 4308">
    <p class='ocr_par' dir='ltr' id='par_1_2' title="bbox 326 629 1602 2458">
     <span class='ocr_line' id='line_1_2' title="bbox 378 629 1602 718; baseline -0.004 -10"><span class='ocrx_word' id='word_1_5' title='bbox 378 638 463 708; x_wconf 79' lang='lat' dir='ltr'>darli</span> <span class='ocrx_word' id='word_1_6' title='bbox 477 661 524 705; x_wconf 89' lang='lat' dir='ltr'>vn</span> <span class='ocrx_word' id='word_1_7' title='bbox 539 651 647 703; x_wconf 87' lang='lat' dir='ltr'>cuoco</span> <span class='ocrx_word' id='word_1_8' title='bbox 667 634 755 702; x_wconf 80' lang='lat' dir='ltr'>della</span> <span class='ocrx_word' id='word_1_9' title='bbox 781 630 1005 718; x_wconf 84' lang='lat' dir='ltr'>Compagnia.</span> <span class='ocrx_word' id='word_1_10' title='bbox 1030 631 1128 700; x_wconf 88' lang='lat' dir='ltr'>Oltre</span> <span class='ocrx_word' id='word_1_11' title='bbox 1150 629 1185 698; x_wconf 90' lang='lat' dir='ltr'>di</span> <span class='ocrx_word' id='word_1_12' title='bbox 1205 643 1340 717; x_wconf 86' lang='lat' dir='ltr'>questo,</span> <span class='ocrx_word' id='word_1_13' title='bbox 1364 653 1429 702; x_wconf 90' lang='lat' dir='ltr'>con</span> <span class='ocrx_word' id='word_1_14' title='bbox 1449 632 1602 703; x_wconf 80' lang='lat' dir='ltr'>iustarua</span> 
     </span>
     <span class='ocr_line' id='line_1_3' title="bbox 380 745 1601 834; baseline -0.004 -12"><span class='ocrx_word' id='word_1_15' title='bbox 380 753 427 822; x_wconf 89' lang='lat' dir='ltr'>mi</span> <span class='ocrx_word' id='word_1_16' title='bbox 442 752 601 822; x_wconf 84' lang='lat' dir='ltr'>dimauda</span> <span class='ocrx_word' id='word_1_17' title='bbox 616 751 639 816; x_wconf 92' lang='lat' dir='ltr'>il</span> <span class='ocrx_word' id='word_1_18' title='bbox 655 748 819 816; x_wconf 82' lang='lat' dir='ltr'>canonico</span> <span class='ocrx_word' id='word_1_19' title='bbox 835 755 869 816; x_wconf 89' lang='lat' dir='ltr'>et</span> <span class='ocrx_word' id='word_1_20' title='bbox 887 749 973 814; x_wconf 88' lang='lat' dir='ltr'>Mro.</span> <span class='ocrx_word' id='word_1_21' title='bbox 992 747 1173 833; x_wconf 78' lang='lat' dir='ltr'>Mortagna</span> <span class='ocrx_word' id='word_1_22' title='bbox 1188 748 1253 815; x_wconf 86' lang='lat' dir='ltr'>che</span> <span class='ocrx_word' id='word_1_23' title='bbox 1267 745 1317 834; x_wconf 88' lang='lat' dir='ltr'>gli</span> <span class='ocrx_word' id='word_1_24' title='bbox 1329 747 1521 818; x_wconf 82' lang='lat' dir='ltr'>maodiarno</span> <span class='ocrx_word' id='word_1_25' title='bbox 1534 772 1601 817; x_wconf 88' lang='lat' dir='ltr'>vno</span> 
     </span>
     <span class='ocr_line' id='line_1_4' title="bbox 379 859 1598 954; baseline -0.005 -16"><span class='ocrx_word' id='word_1_26' title='bbox 379 869 478 938; x_wconf 90' lang='lat' dir='ltr'>odoi</span> <span class='ocrx_word' id='word_1_27' title='bbox 504 889 565 954; x_wconf 81' lang='lat' dir='ltr'>per</span> <span class='ocrx_word' id='word_1_28' title='bbox 591 864 771 952; x_wconf 87' lang='lat' dir='ltr'>insegnare</span> <span class='ocrx_word' id='word_1_29' title='bbox 793 863 935 949; x_wconf 85' lang='lat' dir='ltr'>leggore</span> <span class='ocrx_word' id='word_1_30' title='bbox 961 869 996 930; x_wconf 89' lang='lat' dir='ltr'>et</span> <span class='ocrx_word' id='word_1_31' title='bbox 1022 859 1183 944; x_wconf 86' lang='lat' dir='ltr'>scribere,</span> <span class='ocrx_word' id='word_1_32' title='bbox 1212 870 1247 931; x_wconf 87' lang='lat' dir='ltr'>et</span> <span class='ocrx_word' id='word_1_33' title='bbox 1272 871 1487 948; x_wconf 87' lang='lat' dir='ltr'>promettono</span> <span class='ocrx_word' id='word_1_34' title='bbox 1515 886 1598 951; x_wconf 85' lang='lat' dir='ltr'>gran</span> 
     </span>
     <span class='ocr_line' id='line_1_5' title="bbox 379 974 1598 1066; baseline -0.006 -13"><span class='ocrx_word' id='word_1_35' title='bbox 379 988 498 1066; x_wconf 65' lang='lat' dir='ltr'>tutto,</span> <span class='ocrx_word' id='word_1_36' title='bbox 516 994 551 1052; x_wconf 88' lang='lat' dir='ltr'>et</span> <span class='ocrx_word' id='word_1_37' title='bbox 566 981 599 1049; x_wconf 93' lang='lat' dir='ltr'>io</span> <span class='ocrx_word' id='word_1_38' title='bbox 621 981 656 1048; x_wconf 91' lang='lat' dir='ltr'>lo</span> <span class='ocrx_word' id='word_1_39' title='bbox 669 979 783 1048; x_wconf 88' lang='lat' dir='ltr'>credo.</span> <span class='ocrx_word' id='word_1_40' title='bbox 807 978 941 1062; x_wconf 80' lang='lat' dir='ltr'>Questo</span> <span class='ocrx_word' id='word_1_41' title='bbox 961 974 1148 1048; x_wconf 84' lang='lat' dir='ltr'>medesimo</span> <span class='ocrx_word' id='word_1_42' title='bbox 1166 997 1248 1063; x_wconf 84' lang='lat' dir='ltr'>pare</span> <span class='ocrx_word' id='word_1_43' title='bbox 1267 977 1300 1042; x_wconf 86' lang='lat' dir='ltr'>al</span> <span class='ocrx_word' id='word_1_44' title='bbox 1319 978 1539 1062; x_wconf 82' lang='lat' dir='ltr'>prouinciale.</span> <span class='ocrx_word' id='word_1_45' title='bbox 1558 983 1598 1047; x_wconf 91' lang='lat' dir='ltr'>Et</span> 
     </span>
     <span class='ocr_line' id='line_1_6' title="bbox 379 1090 1596 1179; baseline -0.006 -10"><span class='ocrx_word' id='word_1_46' title='bbox 379 1107 493 1168; x_wconf 77' lang='lat' dir='ltr'>tomen</span> <span class='ocrx_word' id='word_1_47' title='bbox 508 1120 528 1166; x_wconf 86' lang='lat' dir='ltr'>a</span> <span class='ocrx_word' id='word_1_48' title='bbox 543 1119 598 1166; x_wconf 88' lang='lat' dir='ltr'>me</span> <span class='ocrx_word' id='word_1_49' title='bbox 613 1116 682 1162; x_wconf 91' lang='lat' dir='ltr'>non</span> <span class='ocrx_word' id='word_1_50' title='bbox 699 1093 743 1160; x_wconf 90' lang='lat' dir='ltr'>mi</span> <span class='ocrx_word' id='word_1_51' title='bbox 760 1095 779 1160; x_wconf 79' lang='grc' dir='ltr'>ἐ</span> <span class='ocrx_word' id='word_1_52' title='bbox 796 1113 895 1179; x_wconf 85' lang='lat' dir='ltr'>parso</span> <span class='ocrx_word' id='word_1_53' title='bbox 911 1093 982 1158; x_wconf 84' lang='lat' dir='ltr'>fare</span> <span class='ocrx_word' id='word_1_54' title='bbox 997 1090 1183 1162; x_wconf 82' lang='lat' dir='ltr'><strong>mutatione</strong></span> <span class='ocrx_word' id='word_1_55' title='bbox 1198 1091 1234 1158; x_wconf 90' lang='lat' dir='ltr'>di</span> <span class='ocrx_word' id='word_1_56' title='bbox 1249 1093 1364 1178; x_wconf 88' lang='lat' dir='ltr'>quello</span> <span class='ocrx_word' id='word_1_57' title='bbox 1379 1095 1445 1161; x_wconf 84' lang='lat' dir='ltr'>che</span> <span class='ocrx_word' id='word_1_58' title='bbox 1461 1097 1490 1161; x_wconf 88' lang='lat' dir='ltr'>s’</span> <span class='ocrx_word' id='word_1_59' title='bbox 1508 1095 1527 1161; x_wconf 82' lang='grc' dir='ltr'>ὲ</span> <span class='ocrx_word' id='word_1_60' title='bbox 1542 1117 1596 1162; x_wconf 89' lang='lat' dir='ltr'>or-</span> 
     </span>
     <span class='ocr_line' id='line_1_7' title="bbox 377 1205 1596 1296; baseline -0.005 -12"><span class='ocrx_word' id='word_1_61' title='bbox 377 1217 505 1296; x_wconf 81' lang='lat' dir='ltr'>dinato,</span> <span class='ocrx_word' id='word_1_62' title='bbox 522 1211 654 1282; x_wconf 73' lang='lat' dir='ltr'>benche</span> <span class='ocrx_word' id='word_1_63' title='bbox 670 1213 716 1278; x_wconf 92' lang='lat' dir='ltr'>ho</span> <span class='ocrx_word' id='word_1_64' title='bbox 730 1209 825 1277; x_wconf 83' lang='lat' dir='ltr'>detto</span> <span class='ocrx_word' id='word_1_65' title='bbox 840 1209 874 1276; x_wconf 87' lang='lat' dir='ltr'>al</span> <span class='ocrx_word' id='word_1_66' title='bbox 888 1205 1096 1295; x_wconf 78' lang='lat' dir='ltr'>provinciale</span> <span class='ocrx_word' id='word_1_67' title='bbox 1112 1208 1176 1280; x_wconf 83' lang='lat' dir='ltr'>cho</span> <span class='ocrx_word' id='word_1_68' title='bbox 1191 1207 1307 1278; x_wconf 86' lang='lat' dir='ltr'>mandi</span> <span class='ocrx_word' id='word_1_69' title='bbox 1321 1229 1368 1274; x_wconf 89' lang='lat' dir='ltr'>vn</span> <span class='ocrx_word' id='word_1_70' title='bbox 1383 1209 1505 1292; x_wconf 84' lang='lat' dir='ltr'>Padre,</span> <span class='ocrx_word' id='word_1_71' title='bbox 1519 1211 1596 1296; x_wconf 82' lang='lat' dir='ltr'>qual</span> 
     </span>
     <span class='ocr_line' id='line_1_8' title="bbox 378 1323 1596 1421; baseline -0.004 -21"><span class='ocrx_word' id='word_1_72' title='bbox 378 1331 470 1421; x_wconf 82' lang='lat' dir='ltr'>possi</span> <span class='ocrx_word' id='word_1_73' title='bbox 486 1329 616 1397; x_wconf 86' lang='lat' dir='ltr'>aiutare</span> <span class='ocrx_word' id='word_1_74' title='bbox 631 1328 696 1395; x_wconf 84' lang='lat' dir='ltr'>alle</span> <span class='ocrx_word' id='word_1_75' title='bbox 710 1323 916 1393; x_wconf 70' lang='lat' dir='ltr'><strong>confessioni</strong></span> <span class='ocrx_word' id='word_1_76' title='bbox 931 1324 964 1392; x_wconf 81' lang='lat' dir='ltr'>ol</span> <span class='ocrx_word' id='word_1_77' title='bbox 981 1325 1020 1390; x_wconf 92' lang='lat' dir='ltr'>P.</span> <span class='ocrx_word' id='word_1_78' title='bbox 1040 1325 1231 1406; x_wconf 76' lang='lat' dir='ltr'>Mortagna.</span> <span class='ocrx_word' id='word_1_79' title='bbox 1250 1323 1289 1390; x_wconf 91' lang='lat' dir='ltr'>In</span> <span class='ocrx_word' id='word_1_80' title='bbox 1302 1333 1399 1392; x_wconf 83' lang='lat' dir='ltr'>tanto</span> <span class='ocrx_word' id='word_1_81' title='bbox 1413 1337 1596 1409; x_wconf 75' lang='lat' dir='ltr'>asportare-</span> 
     </span>
     <span class='ocr_line' id='line_1_9' title="bbox 379 1436 1594 1533; baseline -0.006 -17"><span class='ocrx_word' id='word_1_82' title='bbox 379 1470 437 1515; x_wconf 91' lang='lat' dir='ltr'>mo</span> <span class='ocrx_word' id='word_1_83' title='bbox 451 1442 703 1533; x_wconf 81' lang='lat' dir='ltr'>risposta-dalla</span> <span class='ocrx_word' id='word_1_84' title='bbox 719 1443 759 1509; x_wconf 89' lang='grc' dir='ltr'>Ρ.</span> <span class='ocrx_word' id='word_1_85' title='bbox 778 1443 838 1521; x_wconf 89' lang='lat' dir='ltr'>V.,</span> <span class='ocrx_word' id='word_1_86' title='bbox 851 1461 889 1508; x_wconf 83' lang='lat' dir='ltr'>se</span> <span class='ocrx_word' id='word_1_87' title='bbox 905 1438 928 1506; x_wconf 91' lang='lat' dir='ltr'>li</span> <span class='ocrx_word' id='word_1_88' title='bbox 943 1436 1041 1525; x_wconf 87' lang='lat' dir='ltr'>piace</span> <span class='ocrx_word' id='word_1_89' title='bbox 1056 1441 1189 1508; x_wconf 86' lang='lat' dir='ltr'>metter&#39;</span> <span class='ocrx_word' id='word_1_90' title='bbox 1206 1440 1320 1524; x_wconf 83' lang='lat' dir='ltr'>quella</span> <span class='ocrx_word' id='word_1_91' title='bbox 1342 1440 1471 1521; x_wconf 75' lang='lat' dir='ltr'>schola,</span> <span class='ocrx_word' id='word_1_92' title='bbox 1493 1463 1552 1530; x_wconf 88' lang='lat' dir='ltr'>per</span> <span class='ocrx_word' id='word_1_93' title='bbox 1566 1443 1594 1509; x_wconf 77' lang='lat' dir='ltr'>la</span> 
     </span>
     <span class='ocr_line' id='line_1_10' title="bbox 380 1552 1593 1650; baseline -0.006 -19"><span class='ocrx_word' id='word_1_94' title='bbox 380 1564 480 1650; x_wconf 84' lang='lat' dir='ltr'>quale</span> <span class='ocrx_word' id='word_1_95' title='bbox 495 1579 616 1628; x_wconf 87' lang='lat' dir='ltr'>sarano</span> <span class='ocrx_word' id='word_1_96' title='bbox 631 1557 666 1625; x_wconf 94' lang='lat' dir='ltr'>di</span> <span class='ocrx_word' id='word_1_97' title='bbox 681 1553 840 1642; x_wconf 83' lang='lat' dir='ltr'>bisognio</span> <span class='ocrx_word' id='word_1_98' title='bbox 854 1553 926 1637; x_wconf 89' lang='lat' dir='ltr'>doi,</span> <span class='ocrx_word' id='word_1_99' title='bbox 940 1563 976 1622; x_wconf 86' lang='lat' dir='ltr'>et</span> <span class='ocrx_word' id='word_1_100' title='bbox 991 1575 1050 1639; x_wconf 86' lang='lat' dir='ltr'>per</span> <span class='ocrx_word' id='word_1_101' title='bbox 1062 1552 1186 1620; x_wconf 84' lang='lat' dir='ltr'>nisuno</span> <span class='ocrx_word' id='word_1_102' title='bbox 1197 1552 1227 1620; x_wconf 90' lang='lat' dir='ltr'>si</span> <span class='ocrx_word' id='word_1_103' title='bbox 1239 1553 1382 1641; x_wconf 72' lang='lat' dir='ltr'>pigliard</span> <span class='ocrx_word' id='word_1_104' title='bbox 1395 1555 1508 1624; x_wconf 84' lang='lat' dir='ltr'>niente</span> <span class='ocrx_word' id='word_1_105' title='bbox 1518 1556 1593 1624; x_wconf 82' lang='lat' dir='ltr'>daut</span> 
     </span>
     <span class='ocr_line' id='line_1_11' title="bbox 380 1668 1592 1758; baseline -0.008 -12"><span class='ocrx_word' id='word_1_106' title='bbox 380 1675 535 1746; x_wconf 81' lang='lat' dir='ltr'>canonici</span> <span class='ocrx_word' id='word_1_107' title='bbox 550 1684 585 1744; x_wconf 88' lang='lat' dir='ltr'>et</span> <span class='ocrx_word' id='word_1_108' title='bbox 598 1693 757 1742; x_wconf 85' lang='lat' dir='ltr'>vescouo.</span> <span class='ocrx_word' id='word_1_109' title='bbox 775 1673 812 1738; x_wconf 91' lang='lat' dir='ltr'>Io</span> <span class='ocrx_word' id='word_1_110' title='bbox 827 1692 897 1738; x_wconf 90' lang='lat' dir='ltr'>non</span> <span class='ocrx_word' id='word_1_111' title='bbox 912 1691 951 1737; x_wconf 92' lang='lat' dir='ltr'>so</span> <span class='ocrx_word' id='word_1_112' title='bbox 964 1669 1031 1738; x_wconf 82' lang='lat' dir='ltr'>tale</span> <span class='ocrx_word' id='word_1_113' title='bbox 1043 1668 1210 1756; x_wconf 87' lang='lat' dir='ltr'>essempio</span> <span class='ocrx_word' id='word_1_114' title='bbox 1222 1669 1312 1736; x_wconf 82' lang='lat' dir='ltr'>nella</span> <span class='ocrx_word' id='word_1_115' title='bbox 1324 1671 1547 1758; x_wconf 74' lang='lat' dir='ltr'>Compagnia5</span> <span class='ocrx_word' id='word_1_116' title='bbox 1560 1685 1592 1740; x_wconf 87' lang='lat' dir='ltr'>et</span> 
     </span>
     <span class='ocr_line' id='line_1_12' title="bbox 380 1783 1591 1881; baseline -0.005 -21"><span class='ocrx_word' id='word_1_117' title='bbox 380 1793 463 1881; x_wconf 80' lang='lat' dir='ltr'>pero</span> <span class='ocrx_word' id='word_1_118' title='bbox 474 1790 520 1858; x_wconf 89' lang='lat' dir='ltr'>mi</span> <span class='ocrx_word' id='word_1_119' title='bbox 532 1791 549 1858; x_wconf 83' lang='grc' dir='ltr'>ὲ</span> <span class='ocrx_word' id='word_1_120' title='bbox 562 1809 662 1877; x_wconf 84' lang='lat' dir='ltr'>parso</span> <span class='ocrx_word' id='word_1_121' title='bbox 673 1787 878 1855; x_wconf 85' lang='lat' dir='ltr'>consultare.</span> <span class='ocrx_word' id='word_1_122' title='bbox 894 1784 1020 1872; x_wconf 85' lang='lat' dir='ltr'>Voglio</span> <span class='ocrx_word' id='word_1_123' title='bbox 1036 1783 1108 1852; x_wconf 89' lang='lat' dir='ltr'>dire</span> <span class='ocrx_word' id='word_1_124' title='bbox 1123 1785 1188 1852; x_wconf 83' lang='lat' dir='ltr'>alla</span> <span class='ocrx_word' id='word_1_125' title='bbox 1199 1786 1239 1851; x_wconf 92' lang='lat' dir='ltr'>P.</span> <span class='ocrx_word' id='word_1_126' title='bbox 1255 1786 1300 1854; x_wconf 91' lang='lat' dir='ltr'>V.</span> <span class='ocrx_word' id='word_1_127' title='bbox 1317 1807 1386 1852; x_wconf 88' lang='lat' dir='ltr'>vna</span> <span class='ocrx_word' id='word_1_128' title='bbox 1397 1787 1485 1858; x_wconf 82' lang='lat' dir='ltr'>delle</span> <span class='ocrx_word' id='word_1_129' title='bbox 1494 1807 1591 1856; x_wconf 82' lang='lat' dir='ltr'>cause</span> 
     </span>
     <span class='ocr_line' id='line_1_13' title="bbox 326 1884 1587 1997; baseline -0.008 -21"><span class='ocrx_word' id='word_1_130' title='bbox 326 1884 331 1892; x_wconf 30' lang='grc' dir='ltr'>Ι</span> <span class='ocrx_word' id='word_1_131' title='bbox 379 1904 566 1997; x_wconf 82' lang='lat' dir='ltr'>principali,</span> <span class='ocrx_word' id='word_1_132' title='bbox 584 1926 645 1991; x_wconf 89' lang='lat' dir='ltr'>per</span> <span class='ocrx_word' id='word_1_133' title='bbox 659 1904 693 1969; x_wconf 91' lang='lat' dir='ltr'>la</span> <span class='ocrx_word' id='word_1_134' title='bbox 707 1902 807 1988; x_wconf 82' lang='lat' dir='ltr'>quale</span> <span class='ocrx_word' id='word_1_135' title='bbox 822 1921 892 1968; x_wconf 88' lang='lat' dir='ltr'>non</span> <span class='ocrx_word' id='word_1_136' title='bbox 903 1902 1049 1970; x_wconf 79' lang='lat' dir='ltr'>huuemo</span> <span class='ocrx_word' id='word_1_137' title='bbox 1058 1899 1163 1970; x_wconf 81' lang='lat' dir='ltr'>leuati</span> <span class='ocrx_word' id='word_1_138' title='bbox 1179 1899 1259 1968; x_wconf 84' lang='lat' dir='ltr'>tutti</span> <span class='ocrx_word' id='word_1_139' title='bbox 1270 1898 1320 1988; x_wconf 82' lang='lat' dir='ltr'>gli</span> <span class='ocrx_word' id='word_1_140' title='bbox 1331 1899 1439 1968; x_wconf 81' lang='lat' dir='ltr'>nostri</span> <span class='ocrx_word' id='word_1_141' title='bbox 1454 1903 1496 1970; x_wconf 80' lang='lat' dir='ltr'>da</span> <span class='ocrx_word' id='word_1_142' title='bbox 1506 1901 1587 1970; x_wconf 66' lang='grc' dir='ltr'><em>Τοί-</em></span> 
     </span>
     <span class='ocr_line' id='line_1_14' title="bbox 378 2015 1587 2106; baseline -0.005 -16"><span class='ocrx_word' id='word_1_143' title='bbox 378 2043 476 2104; x_wconf 85' lang='lat' dir='ltr'>naeo;</span> <span class='ocrx_word' id='word_1_144' title='bbox 495 2032 530 2090; x_wconf 84' lang='lat' dir='ltr'>et</span> <span class='ocrx_word' id='word_1_145' title='bbox 545 2021 637 2106; x_wconf 68' lang='lat' dir='ltr'>oper</span> <span class='ocrx_word' id='word_1_146' title='bbox 647 2021 779 2104; x_wconf 64' lang='lat' dir='ltr'>puoto?</span> <span class='ocrx_word' id='word_1_147' title='bbox 794 2017 854 2084; x_wconf 82' lang='lat' dir='ltr'>dar</span> <span class='ocrx_word' id='word_1_148' title='bbox 869 2015 1035 2103; x_wconf 83' lang='lat' dir='ltr'>raggione</span> <span class='ocrx_word' id='word_1_149' title='bbox 1050 2017 1082 2082; x_wconf 89' lang='lat' dir='ltr'>al</span> <span class='ocrx_word' id='word_1_150' title='bbox 1094 2038 1144 2096; x_wconf 89' lang='lat' dir='ltr'>re,</span> <span class='ocrx_word' id='word_1_151' title='bbox 1157 2036 1195 2084; x_wconf 88' lang='lat' dir='ltr'>se</span> <span class='ocrx_word' id='word_1_152' title='bbox 1209 2015 1326 2084; x_wconf 80' lang='lat' dir='ltr'>venesi</span> <span class='ocrx_word' id='word_1_153' title='bbox 1344 2027 1379 2085; x_wconf 87' lang='lat' dir='ltr'>et</span> <span class='ocrx_word' id='word_1_154' title='bbox 1396 2018 1463 2086; x_wconf 78' lang='lat' dir='ltr'>tusi</span> <span class='ocrx_word' id='word_1_155' title='bbox 1472 2019 1587 2086; x_wconf 79' lang='lat' dir='ltr'>alcuna</span> 
     </span>
     <span class='ocr_line' id='line_1_15' title="bbox 379 2131 1586 2214; baseline -0.005 -10"><span class='ocrx_word' id='word_1_156' title='bbox 379 2135 547 2206; x_wconf 64' lang='lat' dir='ltr'>necessita</span> <span class='ocrx_word' id='word_1_157' title='bbox 560 2135 596 2202; x_wconf 86' lang='lat' dir='ltr'>di</span> <span class='ocrx_word' id='word_1_158' title='bbox 611 2134 717 2214; x_wconf 84' lang='lat' dir='ltr'>darla,</span> <span class='ocrx_word' id='word_1_159' title='bbox 735 2131 881 2200; x_wconf 86' lang='lat' dir='ltr'>dicendo</span> <span class='ocrx_word' id='word_1_160' title='bbox 894 2133 959 2200; x_wconf 88' lang='lat' dir='ltr'>che</span> <span class='ocrx_word' id='word_1_161' title='bbox 979 2152 1049 2198; x_wconf 90' lang='lat' dir='ltr'>non</span> <span class='ocrx_word' id='word_1_162' title='bbox 1063 2133 1254 2200; x_wconf 80' lang='lat' dir='ltr'>haueuamo</span> <span class='ocrx_word' id='word_1_163' title='bbox 1269 2132 1325 2204; x_wconf 81' lang='lat' dir='ltr'>dol</span> <span class='ocrx_word' id='word_1_164' title='bbox 1341 2143 1431 2200; x_wconf 89' lang='lat' dir='ltr'>tutto</span> <span class='ocrx_word' id='word_1_165' title='bbox 1446 2131 1586 2202; x_wconf 84' lang='lat' dir='ltr'>reuocati</span> 
     </span>
     <span class='ocr_line' id='line_1_16' title="bbox 378 2245 1586 2333; baseline -0.005 -13"><span class='ocrx_word' id='word_1_166' title='bbox 378 2254 403 2320; x_wconf 90' lang='lat' dir='ltr'>li</span> <span class='ocrx_word' id='word_1_167' title='bbox 418 2251 538 2333; x_wconf 84' lang='lat' dir='ltr'><strong>nostri,</strong></span> <span class='ocrx_word' id='word_1_168' title='bbox 555 2249 686 2318; x_wconf 73' lang='lat' dir='ltr'>benche</span> <span class='ocrx_word' id='word_1_169' title='bbox 703 2268 771 2314; x_wconf 91' lang='lat' dir='ltr'>non</span> <span class='ocrx_word' id='word_1_170' title='bbox 788 2249 934 2316; x_wconf 88' lang='lat' dir='ltr'>hauemo</span> <span class='ocrx_word' id='word_1_171' title='bbox 950 2245 1119 2316; x_wconf 77' lang='lat' dir='ltr'>restituito</span> <span class='ocrx_word' id='word_1_172' title='bbox 1135 2245 1184 2332; x_wconf 84' lang='lat' dir='ltr'>gli</span> <span class='ocrx_word' id='word_1_173' title='bbox 1206 2246 1331 2328; x_wconf 86' lang='lat' dir='ltr'>lettori,</span> <span class='ocrx_word' id='word_1_174' title='bbox 1350 2247 1361 2313; x_wconf 97' lang='lat' dir='ltr'>i</span> <span class='ocrx_word' id='word_1_175' title='bbox 1377 2247 1468 2333; x_wconf 84' lang='lat' dir='ltr'>quali</span> <span class='ocrx_word' id='word_1_176' title='bbox 1482 2270 1547 2316; x_wconf 88' lang='lat' dir='ltr'>non</span> <span class='ocrx_word' id='word_1_177' title='bbox 1561 2245 1586 2314; x_wconf 84' lang='lat' dir='ltr'>si</span> 
     </span>
     <span class='ocr_line' id='line_1_17' title="bbox 380 2371 881 2458; baseline -0.02 -21"><span class='ocrx_word' id='word_1_178' title='bbox 380 2380 577 2458; x_wconf 88' lang='lat' dir='ltr'>puoteuano</span> <span class='ocrx_word' id='word_1_179' title='bbox 594 2373 797 2442; x_wconf 82' lang='lat' dir='ltr'>sustentare,</span> <span class='ocrx_word' id='word_1_180' title='bbox 815 2371 881 2429; x_wconf 89' lang='lat' dir='ltr'>etc.</span> 
     </span>
    </p>

    <p class='ocr_par' dir='ltr' id='par_1_3' title="bbox 378 2476 1652 2910">
     <span class='ocr_line' id='line_1_18' title="bbox 445 2476 1652 2569; baseline -0.002 -21"><span class='ocrx_word' id='word_1_181' title='bbox 445 2504 476 2569; x_wconf 87' lang='lat'>3.</span> <span class='ocrx_word' id='word_1_182' title='bbox 525 2481 604 2549; x_wconf 82' lang='lat' dir='ltr'>Atra</span> <span class='ocrx_word' id='word_1_183' title='bbox 618 2479 781 2546; x_wconf 85' lang='lat' dir='ltr'>ritornata</span> <span class='ocrx_word' id='word_1_184' title='bbox 791 2476 859 2544; x_wconf 85' lang='lat' dir='ltr'>mia</span> <span class='ocrx_word' id='word_1_185' title='bbox 870 2477 914 2546; x_wconf 79' lang='lat' dir='ltr'>da</span> <span class='ocrx_word' id='word_1_186' title='bbox 925 2479 1000 2548; x_wconf 87' lang='lat' dir='ltr'>Sto.</span> <span class='ocrx_word' id='word_1_187' title='bbox 1013 2477 1222 2558; x_wconf 84' lang='lat' dir='ltr'>Audomaro,</span> <span class='ocrx_word' id='word_1_188' title='bbox 1240 2499 1302 2546; x_wconf 87' lang='lat' dir='ltr'>son</span> <span class='ocrx_word' id='word_1_189' title='bbox 1314 2487 1404 2546; x_wconf 85' lang='lat' dir='ltr'>stato</span> <span class='ocrx_word' id='word_1_190' title='bbox 1419 2501 1464 2548; x_wconf 91' lang='lat' dir='ltr'>vn</span> <span class='ocrx_word' id='word_1_191' title='bbox 1475 2481 1586 2566; x_wconf 80' lang='lat' dir='ltr'>giorno</span> <span class='ocrx_word' id='word_1_192' title='bbox 1651 2482 1652 2506; x_wconf 67' lang='lat'>¹</span> 
     </span>
     <span class='ocr_line' id='line_1_19' title="bbox 378 2591 1585 2678; baseline -0.006 -10"><span class='ocrx_word' id='word_1_193' title='bbox 378 2601 414 2668; x_wconf 91' lang='lat' dir='ltr'>in</span> <span class='ocrx_word' id='word_1_194' title='bbox 442 2600 608 2667; x_wconf 87' lang='lat' dir='ltr'>Curtraco</span> <span class='ocrx_word' id='word_1_195' title='bbox 631 2596 641 2626; x_wconf 83' lang='lat'><strong>¹</strong></span> <span class='ocrx_word' id='word_1_196' title='bbox 665 2615 732 2661; x_wconf 90' lang='lat' dir='ltr'>con</span> <span class='ocrx_word' id='word_1_197' title='bbox 754 2595 840 2661; x_wconf 92' lang='lat' dir='ltr'>Mro.</span> <span class='ocrx_word' id='word_1_198' title='bbox 866 2591 1045 2675; x_wconf 85' lang='lat' dir='ltr'>Giacomo,</span> <span class='ocrx_word' id='word_1_199' title='bbox 1070 2602 1189 2662; x_wconf 90' lang='lat' dir='ltr'>curato</span> <span class='ocrx_word' id='word_1_200' title='bbox 1209 2592 1246 2660; x_wconf 89' lang='lat' dir='ltr'>di</span> <span class='ocrx_word' id='word_1_201' title='bbox 1272 2593 1351 2678; x_wconf 83' lang='lat' dir='ltr'>quel</span> <span class='ocrx_word' id='word_1_202' title='bbox 1374 2593 1460 2677; x_wconf 86' lang='lat' dir='ltr'>loco,</span> <span class='ocrx_word' id='word_1_203' title='bbox 1485 2595 1585 2664; x_wconf 79' lang='lat' dir='ltr'>chee</span> 
     </span>
     <span class='ocr_line' id='line_1_20' title="bbox 379 2707 1582 2802; baseline -0.005 -20"><span class='ocrx_word' id='word_1_204' title='bbox 379 2716 493 2802; x_wconf 86' lang='lat' dir='ltr'>quello</span> <span class='ocrx_word' id='word_1_205' title='bbox 509 2713 575 2782; x_wconf 89' lang='lat' dir='ltr'>che</span> <span class='ocrx_word' id='word_1_206' title='bbox 590 2709 701 2796; x_wconf 88' lang='lat' dir='ltr'><strong>questi</strong></span> <span class='ocrx_word' id='word_1_207' title='bbox 718 2709 797 2777; x_wconf 88' lang='lat' dir='ltr'>anni</span> <span class='ocrx_word' id='word_1_208' title='bbox 812 2707 938 2794; x_wconf 83' lang='lat' dir='ltr'>passati</span> <span class='ocrx_word' id='word_1_209' title='bbox 954 2707 1065 2778; x_wconf 86' lang='lat' dir='ltr'>hebbe</span> <span class='ocrx_word' id='word_1_210' title='bbox 1085 2720 1177 2776; x_wconf 86' lang='lat' dir='ltr'>certe</span> <span class='ocrx_word' id='word_1_211' title='bbox 1193 2707 1316 2776; x_wconf 89' lang='lat' dir='ltr'>visioni</span> <span class='ocrx_word' id='word_1_212' title='bbox 1334 2719 1350 2752; x_wconf 74' lang='lat'>²</span> <span class='ocrx_word' id='word_1_213' title='bbox 1369 2713 1435 2779; x_wconf 89' lang='lat' dir='ltr'>che</span> <span class='ocrx_word' id='word_1_214' title='bbox 1454 2711 1486 2778; x_wconf 85' lang='lat' dir='ltr'>lo</span> <span class='ocrx_word' id='word_1_215' title='bbox 1504 2713 1582 2780; x_wconf 77' lang='lat' dir='ltr'>stor-</span> 
     </span>
     <span class='ocr_line' id='line_1_21' title="bbox 380 2822 1576 2910; baseline -0.007 -12"><span class='ocrx_word' id='word_1_216' title='bbox 380 2849 511 2898; x_wconf 88' lang='lat' dir='ltr'>zauano</span> <span class='ocrx_word' id='word_1_217' title='bbox 526 2849 547 2893; x_wconf 88' lang='lat' dir='ltr'>a</span> <span class='ocrx_word' id='word_1_218' title='bbox 562 2826 728 2892; x_wconf 84' lang='lat' dir='ltr'>ritornure</span> <span class='ocrx_word' id='word_1_219' title='bbox 743 2825 808 2892; x_wconf 84' lang='lat' dir='ltr'><strong>atla</strong></span> <span class='ocrx_word' id='word_1_220' title='bbox 823 2822 1048 2910; x_wconf 83' lang='lat' dir='ltr'>Compagnia,</span> <span class='ocrx_word' id='word_1_221' title='bbox 1061 2823 1117 2890; x_wconf 87' lang='lat' dir='ltr'>del</span> <span class='ocrx_word' id='word_1_222' title='bbox 1127 2823 1227 2908; x_wconf 83' lang='lat' dir='ltr'>quale</span> <span class='ocrx_word' id='word_1_223' title='bbox 1237 2845 1276 2892; x_wconf 88' lang='lat' dir='ltr'>sa</span> <span class='ocrx_word' id='word_1_224' title='bbox 1290 2823 1315 2891; x_wconf 94' lang='lat' dir='ltr'>il</span> <span class='ocrx_word' id='word_1_225' title='bbox 1327 2827 1366 2894; x_wconf 87' lang='grc' dir='ltr'>Ρ.</span> <span class='ocrx_word' id='word_1_226' title='bbox 1382 2827 1547 2894; x_wconf 87' lang='lat' dir='ltr'>Euerardo</span> <span class='ocrx_word' id='word_1_227' title='bbox 1557 2827 1576 2890; x_wconf 81' lang='lat'>⁸.</span> 
     </span>
    </p>

    <p class='ocr_par' dir='ltr' id='par_1_4' title="bbox 373 2937 1651 4308">
     <span class='ocr_line' id='line_1_22' title="bbox 379 2937 1651 3028; baseline -0.005 -14"><span class='ocrx_word' id='word_1_228' title='bbox 379 2948 429 3014; x_wconf 85' lang='lat' dir='ltr'>La</span> <span class='ocrx_word' id='word_1_229' title='bbox 444 2941 643 3011; x_wconf 87' lang='lat' dir='ltr'>risolutione</span> <span class='ocrx_word' id='word_1_230' title='bbox 659 2942 722 3007; x_wconf 90' lang='lat' dir='ltr'>che</span> <span class='ocrx_word' id='word_1_231' title='bbox 737 2937 854 3026; x_wconf 82' lang='lat' dir='ltr'>pigliai</span> <span class='ocrx_word' id='word_1_232' title='bbox 869 2937 886 2981; x_wconf 70' lang='lat' dir='ltr'>b</span> <span class='ocrx_word' id='word_1_233' title='bbox 904 2959 969 3006; x_wconf 90' lang='lat' dir='ltr'>con</span> <span class='ocrx_word' id='word_1_234' title='bbox 984 2937 1044 3018; x_wconf 91' lang='lat' dir='ltr'>lui,</span> <span class='ocrx_word' id='word_1_235' title='bbox 1063 2938 1100 3006; x_wconf 88' lang='lat' dir='ltr'>fu</span> <span class='ocrx_word' id='word_1_236' title='bbox 1114 2949 1247 3024; x_wconf 83' lang='lat' dir='ltr'>questa3</span> <span class='ocrx_word' id='word_1_237' title='bbox 1265 2942 1329 3009; x_wconf 90' lang='lat' dir='ltr'>che</span> <span class='ocrx_word' id='word_1_238' title='bbox 1343 2939 1394 3012; x_wconf 89' lang='lat' dir='ltr'>lui</span> <span class='ocrx_word' id='word_1_239' title='bbox 1407 2951 1459 3010; x_wconf 80' lang='lat' dir='ltr'>sta</span> <span class='ocrx_word' id='word_1_240' title='bbox 1473 2963 1581 3028; x_wconf 85' lang='lat' dir='ltr'>apare-</span> <span class='ocrx_word' id='word_1_241' title='bbox 1650 2971 1651 2984; x_wconf 50' lang='lat'>¹</span> 
     </span>
     <span class='ocr_line' id='line_1_23' title="bbox 378 3052 1581 3142; baseline -0.011 -15"><span class='ocrx_word' id='word_1_242' title='bbox 378 3059 492 3128; x_wconf 88' lang='lat' dir='ltr'>chiato</span> <span class='ocrx_word' id='word_1_243' title='bbox 506 3079 528 3124; x_wconf 86' lang='lat' dir='ltr'>a</span> <span class='ocrx_word' id='word_1_244' title='bbox 541 3054 682 3123; x_wconf 80' lang='lat' dir='ltr'>lasciare</span> <span class='ocrx_word' id='word_1_245' title='bbox 696 3056 731 3122; x_wconf 85' lang='lat' dir='ltr'>la</span> <span class='ocrx_word' id='word_1_246' title='bbox 745 3075 838 3134; x_wconf 82' lang='lat' dir='ltr'>cura,</span> <span class='ocrx_word' id='word_1_247' title='bbox 856 3064 891 3122; x_wconf 89' lang='lat' dir='ltr'>et</span> <span class='ocrx_word' id='word_1_248' title='bbox 911 3052 1074 3125; x_wconf 80' lang='lat' dir='ltr'>ritomare</span> <span class='ocrx_word' id='word_1_249' title='bbox 1089 3054 1156 3126; x_wconf 80' lang='lat' dir='ltr'>alla</span> <span class='ocrx_word' id='word_1_250' title='bbox 1170 3055 1394 3142; x_wconf 84' lang='lat' dir='ltr'>Compagnia‚</span> <span class='ocrx_word' id='word_1_251' title='bbox 1411 3066 1447 3124; x_wconf 80' lang='lat' dir='ltr'>et</span> <span class='ocrx_word' id='word_1_252' title='bbox 1464 3059 1516 3126; x_wconf 73' lang='lat' dir='ltr'>eh&#39;</span> <span class='ocrx_word' id='word_1_253' title='bbox 1535 3057 1581 3124; x_wconf 80' lang='lat' dir='ltr'>&#39;m-</span> 
     </span>
     <span class='ocr_line' id='line_1_24' title="bbox 378 3167 1584 3256; baseline 0.001 -15"><span class='ocrx_word' id='word_1_254' title='bbox 378 3175 442 3242; x_wconf 88' lang='lat' dir='ltr'>sin&#39;</span> <span class='ocrx_word' id='word_1_255' title='bbox 460 3173 596 3252; x_wconf 78' lang='lat' dir='ltr'>adesso,</span> <span class='ocrx_word' id='word_1_256' title='bbox 618 3171 708 3256; x_wconf 91' lang='lat' dir='ltr'>dopo</span> <span class='ocrx_word' id='word_1_257' title='bbox 723 3169 833 3256; x_wconf 84' lang='lat' dir='ltr'>quella</span> <span class='ocrx_word' id='word_1_258' title='bbox 856 3167 998 3249; x_wconf 80' lang='lat' dir='ltr'>visione,</span> <span class='ocrx_word' id='word_1_259' title='bbox 1021 3171 1065 3236; x_wconf 82' lang='lat' dir='ltr'>ha</span> <span class='ocrx_word' id='word_1_260' title='bbox 1084 3179 1225 3254; x_wconf 81' lang='lat' dir='ltr'>pensato</span> <span class='ocrx_word' id='word_1_261' title='bbox 1241 3180 1331 3239; x_wconf 84' lang='lat' dir='ltr'>stare</span> <span class='ocrx_word' id='word_1_262' title='bbox 1346 3169 1382 3236; x_wconf 88' lang='lat' dir='ltr'>in</span> <span class='ocrx_word' id='word_1_263' title='bbox 1397 3171 1584 3242; x_wconf 77' lang='lat' dir='ltr'>conscienra</span> 
     </span>
     <span class='ocr_line' id='line_1_25' title="bbox 378 3281 1586 3374; baseline -0.002 -17"><span class='ocrx_word' id='word_1_264' title='bbox 378 3293 506 3370; x_wconf 84' lang='lat' dir='ltr'>buona,</span> <span class='ocrx_word' id='word_1_265' title='bbox 525 3307 586 3374; x_wconf 88' lang='lat' dir='ltr'>per</span> <span class='ocrx_word' id='word_1_266' title='bbox 600 3285 714 3372; x_wconf 86' lang='lat' dir='ltr'>quello</span> <span class='ocrx_word' id='word_1_267' title='bbox 730 3287 794 3353; x_wconf 89' lang='lat' dir='ltr'>che</span> <span class='ocrx_word' id='word_1_268' title='bbox 808 3283 833 3353; x_wconf 82' lang='lat' dir='ltr'>ti</span> <span class='ocrx_word' id='word_1_269' title='bbox 849 3283 923 3356; x_wconf 88' lang='lat' dir='ltr'>dise</span> <span class='ocrx_word' id='word_1_270' title='bbox 937 3281 961 3352; x_wconf 89' lang='lat' dir='ltr'>il</span> <span class='ocrx_word' id='word_1_271' title='bbox 983 3286 1023 3351; x_wconf 92' lang='lat' dir='ltr'>P.</span> <span class='ocrx_word' id='word_1_272' title='bbox 1047 3284 1233 3368; x_wconf 85' lang='lat' dir='ltr'>Euerardo,</span> <span class='ocrx_word' id='word_1_273' title='bbox 1255 3295 1291 3353; x_wconf 92' lang='lat' dir='ltr'>et</span> <span class='ocrx_word' id='word_1_274' title='bbox 1312 3284 1335 3352; x_wconf 89' lang='lat' dir='ltr'>li</span> <span class='ocrx_word' id='word_1_275' title='bbox 1361 3287 1476 3354; x_wconf 85' lang='lat' dir='ltr'>hanno</span> <span class='ocrx_word' id='word_1_276' title='bbox 1501 3287 1586 3356; x_wconf 81' lang='lat' dir='ltr'>detto</span> 
     </span>
     <span class='ocr_line' id='line_1_26' title="bbox 378 3397 1583 3494; baseline -0.002 -21"><span class='ocrx_word' id='word_1_277' title='bbox 378 3406 427 3494; x_wconf 87' lang='lat' dir='ltr'>gli</span> <span class='ocrx_word' id='word_1_278' title='bbox 443 3403 519 3472; x_wconf 81' lang='lat' dir='ltr'>altri</span> <span class='ocrx_word' id='word_1_279' title='bbox 536 3401 651 3482; x_wconf 85' lang='lat' dir='ltr'>Padri,</span> <span class='ocrx_word' id='word_1_280' title='bbox 668 3411 704 3468; x_wconf 88' lang='lat' dir='ltr'>et</span> <span class='ocrx_word' id='word_1_281' title='bbox 724 3399 898 3486; x_wconf 80' lang='lat' dir='ltr'>pensando</span> <span class='ocrx_word' id='word_1_282' title='bbox 914 3409 1004 3468; x_wconf 83' lang='lat' dir='ltr'>stare</span> <span class='ocrx_word' id='word_1_283' title='bbox 1023 3399 1112 3468; x_wconf 90' lang='lat' dir='ltr'>doue</span> <span class='ocrx_word' id='word_1_284' title='bbox 1132 3409 1230 3468; x_wconf 85' lang='lat' dir='ltr'>staua</span> <span class='ocrx_word' id='word_1_285' title='bbox 1249 3397 1285 3470; x_wconf 90' lang='lat' dir='ltr'>in</span> <span class='ocrx_word' id='word_1_286' title='bbox 1304 3399 1490 3472; x_wconf 71' lang='lat' dir='ltr'>obedienta</span> <span class='ocrx_word' id='word_1_287' title='bbox 1507 3401 1583 3470; x_wconf 77' lang='lat' dir='ltr'>della</span> 
     </span>
     <span class='ocr_line' id='line_1_27' title="bbox 379 3512 1584 3606; baseline -0.013 -18"><span class='ocrx_word' id='word_1_288' title='bbox 379 3518 605 3606; x_wconf 79' lang='lat' dir='ltr'>compagnia.</span> <span class='ocrx_word' id='word_1_289' title='bbox 625 3518 661 3584; x_wconf 91' lang='lat' dir='ltr'>lo</span> <span class='ocrx_word' id='word_1_290' title='bbox 677 3513 789 3584; x_wconf 83' lang='lat' dir='ltr'>trattai</span> <span class='ocrx_word' id='word_1_291' title='bbox 809 3513 945 3584; x_wconf 85' lang='lat' dir='ltr'>diuerse</span> <span class='ocrx_word' id='word_1_292' title='bbox 960 3535 1039 3584; x_wconf 86' lang='lat' dir='ltr'>cose</span> <span class='ocrx_word' id='word_1_293' title='bbox 1062 3534 1126 3582; x_wconf 84' lang='lat' dir='ltr'>con</span> <span class='ocrx_word' id='word_1_294' title='bbox 1147 3512 1208 3594; x_wconf 82' lang='lat' dir='ltr'>rui,</span> <span class='ocrx_word' id='word_1_295' title='bbox 1229 3524 1264 3584; x_wconf 87' lang='lat' dir='ltr'>et</span> <span class='ocrx_word' id='word_1_296' title='bbox 1283 3515 1531 3600; x_wconf 71' lang='lat' dir='ltr'>specialruente,</span> <span class='ocrx_word' id='word_1_297' title='bbox 1551 3535 1584 3584; x_wconf 59' lang='grc' dir='ltr'><strong>ω</strong></span> 
     </span>
     <span class='ocr_line' id='line_1_28' title="bbox 377 3627 1582 3715; baseline -0.004 -13"><span class='ocrx_word' id='word_1_298' title='bbox 377 3635 466 3702; x_wconf 86' lang='lat' dir='ltr'>saria</span> <span class='ocrx_word' id='word_1_299' title='bbox 480 3641 643 3702; x_wconf 87' lang='lat' dir='ltr'>contento</span> <span class='ocrx_word' id='word_1_300' title='bbox 658 3633 723 3698; x_wconf 86' lang='lat' dir='ltr'>che</span> <span class='ocrx_word' id='word_1_301' title='bbox 737 3629 760 3695; x_wconf 86' lang='lat' dir='ltr'>li</span> <span class='ocrx_word' id='word_1_302' title='bbox 776 3627 1005 3715; x_wconf 82' lang='lat' dir='ltr'>sciogliosimo</span> <span class='ocrx_word' id='word_1_303' title='bbox 1018 3627 1041 3694; x_wconf 83' lang='lat' dir='ltr'>ti</span> <span class='ocrx_word' id='word_1_304' title='bbox 1057 3627 1140 3710; x_wconf 86' lang='lat' dir='ltr'>voti,</span> <span class='ocrx_word' id='word_1_305' title='bbox 1153 3627 1177 3696; x_wconf 86' lang='lat' dir='ltr'>ir</span> <span class='ocrx_word' id='word_1_306' title='bbox 1189 3630 1255 3700; x_wconf 87' lang='lat' dir='ltr'>che</span> <span class='ocrx_word' id='word_1_307' title='bbox 1267 3629 1301 3696; x_wconf 89' lang='lat' dir='ltr'>in</span> <span class='ocrx_word' id='word_1_308' title='bbox 1313 3628 1436 3700; x_wconf 87' lang='lat' dir='ltr'>nisuna</span> <span class='ocrx_word' id='word_1_309' title='bbox 1445 3630 1582 3704; x_wconf 72' lang='lat' dir='ltr'>manieti</span> 
     </span>
     <span class='ocr_line' id='line_1_29' title="bbox 376 3741 1580 3820; baseline -0.002 -4"><span class='ocrx_word' id='word_1_310' title='bbox 376 3749 532 3819; x_wconf 78' lang='lat' dir='ltr'>desidera</span> <span class='ocrx_word' id='word_1_311' title='bbox 547 3747 590 3814; x_wconf 76' lang='lat' dir='ltr'>ne</span> <span class='ocrx_word' id='word_1_312' title='bbox 605 3745 718 3814; x_wconf 87' lang='lat' dir='ltr'>vuole.</span> <span class='ocrx_word' id='word_1_313' title='bbox 737 3747 812 3812; x_wconf 88' lang='lat' dir='ltr'>Ben</span> <span class='ocrx_word' id='word_1_314' title='bbox 826 3742 855 3812; x_wconf 89' lang='lat' dir='ltr'>si</span> <span class='ocrx_word' id='word_1_315' title='bbox 870 3742 980 3812; x_wconf 86' lang='lat' dir='ltr'>vodde</span> <span class='ocrx_word' id='word_1_316' title='bbox 995 3745 1060 3814; x_wconf 87' lang='lat' dir='ltr'>che</span> <span class='ocrx_word' id='word_1_317' title='bbox 1074 3741 1103 3810; x_wconf 90' lang='lat' dir='ltr'>si</span> <span class='ocrx_word' id='word_1_318' title='bbox 1119 3745 1384 3820; x_wconf 76' lang='lat' dir='ltr'>contentarebbe</span> <span class='ocrx_word' id='word_1_319' title='bbox 1398 3755 1489 3816; x_wconf 78' lang='lat' dir='ltr'>stare</span> <span class='ocrx_word' id='word_1_320' title='bbox 1502 3748 1580 3816; x_wconf 78' lang='lat' dir='ltr'>douo</span> 
     </span>
     <span class='ocr_line' id='line_1_30' title="bbox 377 3857 1578 3948; baseline -0.001 -17"><span class='ocrx_word' id='word_1_321' title='bbox 377 3876 442 3945; x_wconf 80' lang='lat' dir='ltr'>sta,</span> <span class='ocrx_word' id='word_1_322' title='bbox 460 3872 636 3942; x_wconf 86' lang='lat' dir='ltr'>comesta,</span> <span class='ocrx_word' id='word_1_323' title='bbox 659 3881 715 3928; x_wconf 84' lang='lat' dir='ltr'>ma</span> <span class='ocrx_word' id='word_1_324' title='bbox 734 3861 798 3926; x_wconf 84' lang='lat' dir='ltr'>che</span> <span class='ocrx_word' id='word_1_325' title='bbox 817 3869 832 3902; x_wconf 76' lang='lat'><strong>⁰</strong></span> <span class='ocrx_word' id='word_1_326' title='bbox 852 3880 922 3932; x_wconf 80' lang='lat' dir='ltr'>non</span> <span class='ocrx_word' id='word_1_327' title='bbox 945 3858 1076 3932; x_wconf 80' lang='lat' dir='ltr'>ardisco</span> <span class='ocrx_word' id='word_1_328' title='bbox 1101 3857 1316 3940; x_wconf 71' lang='lat' dir='ltr'>desideratio,</span> <span class='ocrx_word' id='word_1_329' title='bbox 1341 3860 1385 3932; x_wconf 74' lang='lat' dir='ltr'>ne</span> <span class='ocrx_word' id='word_1_330' title='bbox 1408 3861 1504 3942; x_wconf 83' lang='lat' dir='ltr'>dirlo,</span> <span class='ocrx_word' id='word_1_331' title='bbox 1524 3883 1578 3948; x_wconf 81' lang='lat' dir='ltr'>per</span> 
     </span>
     <span class='ocr_line' id='line_1_31' title="bbox 376 3957 1575 4065; baseline -0.004 -19"><span class='ocrx_word' id='word_1_332' title='bbox 376 3988 466 4048; x_wconf 86' lang='lat' dir='ltr'>stare</span> <span class='ocrx_word' id='word_1_333' title='bbox 493 3977 550 4065; x_wconf 76' lang='lat' dir='ltr'>piu</span> <span class='ocrx_word' id='word_1_334' title='bbox 577 3995 697 4044; x_wconf 87' lang='lat' dir='ltr'>securo</span> <span class='ocrx_word' id='word_1_335' title='bbox 724 3983 758 4041; x_wconf 89' lang='lat' dir='ltr'>et</span> <span class='ocrx_word' id='word_1_336' title='bbox 785 3972 901 4059; x_wconf 89' lang='lat' dir='ltr'>quieto</span> <span class='ocrx_word' id='word_1_337' title='bbox 926 3973 961 4038; x_wconf 87' lang='lat' dir='ltr'>in</span> <span class='ocrx_word' id='word_1_338' title='bbox 985 3971 1185 4041; x_wconf 84' lang='lat' dir='ltr'>conscienza</span> <span class='ocrx_word' id='word_1_339' title='bbox 1203 3983 1239 4042; x_wconf 92' lang='lat' dir='ltr'>et</span> <span class='ocrx_word' id='word_1_340' title='bbox 1260 3995 1343 4060; x_wconf 82' lang='lat' dir='ltr'>pace</span> <span class='ocrx_word' id='word_1_341' title='bbox 1368 3957 1575 4044; x_wconf 64' lang='lat' dir='ltr'>interiores}</span> 
     </span>
     <span class='ocr_line' id='line_1_32' title="bbox 376 4089 1576 4183; baseline -0.005 -21"><span class='ocrx_word' id='word_1_342' title='bbox 376 4103 499 4183; x_wconf 83' lang='lat' dir='ltr'>questo</span> <span class='ocrx_word' id='word_1_343' title='bbox 513 4095 607 4160; x_wconf 91' lang='lat' dir='ltr'>buon</span> <span class='ocrx_word' id='word_1_344' title='bbox 623 4089 733 4164; x_wconf 87' lang='lat' dir='ltr'>Padre</span> <span class='ocrx_word' id='word_1_345' title='bbox 749 4089 783 4155; x_wconf 91' lang='lat' dir='ltr'>in</span> <span class='ocrx_word' id='word_1_346' title='bbox 804 4089 916 4180; x_wconf 86' lang='lat' dir='ltr'>quella</span> <span class='ocrx_word' id='word_1_347' title='bbox 931 4099 1033 4170; x_wconf 85' lang='lat' dir='ltr'>terra,</span> <span class='ocrx_word' id='word_1_348' title='bbox 1050 4089 1115 4156; x_wconf 83' lang='lat' dir='ltr'>che</span> <span class='ocrx_word' id='word_1_349' title='bbox 1129 4090 1151 4157; x_wconf 79' lang='lat' dir='ltr'>e</span> <span class='ocrx_word' id='word_1_350' title='bbox 1165 4089 1253 4158; x_wconf 84' lang='lat' dir='ltr'>assai</span> <span class='ocrx_word' id='word_1_351' title='bbox 1273 4093 1414 4178; x_wconf 86' lang='lat' dir='ltr'>grande,</span> <span class='ocrx_word' id='word_1_352' title='bbox 1436 4091 1470 4160; x_wconf 90' lang='lat' dir='ltr'>in</span> <span class='ocrx_word' id='word_1_353' title='bbox 1485 4091 1576 4158; x_wconf 81' lang='lat' dir='ltr'>molta</span> 
     </span>
     <span class='ocr_line' id='line_1_33' title="bbox 373 4203 1648 4308; baseline -0.003 -32"><span class='ocrx_word' id='word_1_354' title='bbox 373 4208 534 4296; x_wconf 88' lang='lat' dir='ltr'>opinione</span> <span class='ocrx_word' id='word_1_355' title='bbox 553 4206 589 4273; x_wconf 93' lang='lat' dir='ltr'>di</span> <span class='ocrx_word' id='word_1_356' title='bbox 607 4207 734 4285; x_wconf 84' lang='lat' dir='ltr'>buono,</span> <span class='ocrx_word' id='word_1_357' title='bbox 761 4215 796 4274; x_wconf 83' lang='lat' dir='ltr'>et</span> <span class='ocrx_word' id='word_1_358' title='bbox 818 4203 853 4270; x_wconf 93' lang='lat' dir='ltr'>di</span> <span class='ocrx_word' id='word_1_359' title='bbox 869 4203 885 4246; x_wconf 81' lang='lat'>‘¹</span> <span class='ocrx_word' id='word_1_360' title='bbox 903 4224 990 4291; x_wconf 86' lang='lat' dir='ltr'>gran</span> <span class='ocrx_word' id='word_1_361' title='bbox 1015 4203 1238 4290; x_wconf 83' lang='lat' dir='ltr'>predicatore.</span> <span class='ocrx_word' id='word_1_362' title='bbox 1263 4207 1312 4274; x_wconf 86' lang='lat' dir='ltr'>Fa</span> <span class='ocrx_word' id='word_1_363' title='bbox 1333 4227 1464 4298; x_wconf 87' lang='lat' dir='ltr'>sempre</span> <span class='ocrx_word' id='word_1_364' title='bbox 1485 4207 1578 4276; x_wconf 88' lang='lat' dir='ltr'>molto</span> <span class='ocrx_word' id='word_1_365' title='bbox 1647 4269 1648 4308; x_wconf 23' lang='grc' dir='ltr'>ἢ</span> 
     </span>
    </p>
   </div>
   <div class='ocr_carea' id='block_1_3' title="bbox 371 4369 1576 4535">
    <p class='ocr_par' dir='ltr' id='par_1_5' title="bbox 371 4369 1576 4535">
     <span class='ocr_line' id='line_1_34' title="bbox 426 4369 1576 4448; baseline -0.003 -18"><span class='ocrx_word' id='word_1_366' title='bbox 426 4387 443 4421; x_wconf 81' lang='lat'>⁸</span> <span class='ocrx_word' id='word_1_367' title='bbox 470 4374 610 4448; x_wconf 83' lang='lat' dir='ltr'>Sequitur</span> <span class='ocrx_word' id='word_1_368' title='bbox 622 4372 655 4428; x_wconf 85' lang='lat' dir='ltr'>di</span> <span class='ocrx_word' id='word_1_369' title='bbox 666 4371 863 4430; x_wconf 85' lang='lat' dir='ltr'>obliteratum.</span> <span class='ocrx_word' id='word_1_370' title='bbox 872 4369 917 4414; x_wconf 74' lang='lat' dir='ltr'>-b</span> <span class='ocrx_word' id='word_1_371' title='bbox 926 4369 1120 4434; x_wconf 78' lang='lat' dir='ltr'>Emendatum</span> <span class='ocrx_word' id='word_1_372' title='bbox 1130 4389 1148 4427; x_wconf 79' lang='lat' dir='ltr'>a</span> <span class='ocrx_word' id='word_1_373' title='bbox 1157 4371 1194 4426; x_wconf 90' lang='lat' dir='ltr'>N.</span> <span class='ocrx_word' id='word_1_374' title='bbox 1208 4389 1245 4428; x_wconf 84' lang='lat' dir='ltr'>ex</span> <span class='ocrx_word' id='word_1_375' title='bbox 1255 4373 1367 4448; x_wconf 73' lang='lat' dir='ltr'>pigliu.</span> <span class='ocrx_word' id='word_1_376' title='bbox 1377 4406 1396 4416; x_wconf 95' lang='lat'><em>-</em></span> <span class='ocrx_word' id='word_1_377' title='bbox 1406 4385 1419 4418; x_wconf 71' lang='lat'><strong>0</strong></span> <span class='ocrx_word' id='word_1_378' title='bbox 1431 4375 1493 4434; x_wconf 90' lang='lat' dir='ltr'>Hoc</span> <span class='ocrx_word' id='word_1_379' title='bbox 1504 4373 1576 4433; x_wconf 78' lang='lat' dir='ltr'>verb.</span> 
     </span>
     <span class='ocr_line' id='line_1_35' title="bbox 371 4457 1498 4535; baseline -0.002 -15"><span class='ocrx_word' id='word_1_380' title='bbox 371 4462 484 4525; x_wconf 84' lang='lat' dir='ltr'>addidit</span> <span class='ocrx_word' id='word_1_381' title='bbox 496 4464 562 4522; x_wconf 80' lang='lat' dir='ltr'>libr.</span> <span class='ocrx_word' id='word_1_382' title='bbox 576 4478 664 4534; x_wconf 75' lang='lat' dir='ltr'>supra</span> <span class='ocrx_word' id='word_1_383' title='bbox 677 4459 807 4516; x_wconf 68' lang='lat' dir='ltr'>vers—d</span> <span class='ocrx_word' id='word_1_384' title='bbox 822 4459 904 4514; x_wconf 86' lang='lat' dir='ltr'>Haec</span> <span class='ocrx_word' id='word_1_385' title='bbox 917 4457 1059 4534; x_wconf 64' lang='lat' dir='ltr'>particula</span> <span class='ocrx_word' id='word_1_386' title='bbox 1071 4457 1169 4519; x_wconf 83' lang='lat' dir='ltr'>addita</span> <span class='ocrx_word' id='word_1_387' title='bbox 1181 4468 1228 4516; x_wconf 82' lang='lat' dir='ltr'>est</span> <span class='ocrx_word' id='word_1_388' title='bbox 1240 4477 1327 4535; x_wconf 75' lang='lat' dir='ltr'>supra</span> <span class='ocrx_word' id='word_1_389' title='bbox 1340 4479 1417 4520; x_wconf 77' lang='lat' dir='ltr'>verr.</span> <span class='ocrx_word' id='word_1_390' title='bbox 1431 4481 1448 4519; x_wconf 80' lang='lat' dir='ltr'><strong>a</strong></span> <span class='ocrx_word' id='word_1_391' title='bbox 1463 4463 1498 4521; x_wconf 85' lang='lat' dir='ltr'>N&#39;.</span> 
     </span>
    </p>
   </div>
   <div class='ocr_carea' id='block_1_4' title="bbox 422 4591 1647 4752">
    <p class='ocr_par' dir='ltr' id='par_1_6' title="bbox 422 4591 1647 4752">
     <span class='ocr_line' id='line_1_36' title="bbox 423 4591 1647 4668; baseline 0.005 -15"><span class='ocrx_word' id='word_1_392' title='bbox 423 4598 432 4631; x_wconf 93' lang='lat'>¹</span> <span class='ocrx_word' id='word_1_393' title='bbox 470 4597 640 4653; x_wconf 83' lang='lat' dir='ltr'>Cortracum</span> <span class='ocrx_word' id='word_1_394' title='bbox 653 4597 701 4651; x_wconf 86' lang='lat' dir='ltr'>vel</span> <span class='ocrx_word' id='word_1_395' title='bbox 719 4592 919 4652; x_wconf 84' lang='lat' dir='ltr'>Cortoriacum</span> <span class='ocrx_word' id='word_1_396' title='bbox 937 4591 1115 4668; x_wconf 83' lang='lat' dir='ltr'>(Courtray),</span> <span class='ocrx_word' id='word_1_397' title='bbox 1135 4597 1205 4652; x_wconf 78' lang='lat' dir='ltr'>urbs</span> <span class='ocrx_word' id='word_1_398' title='bbox 1217 4594 1370 4655; x_wconf 80' lang='lat' dir='ltr'>Flundriue</span> <span class='ocrx_word' id='word_1_399' title='bbox 1387 4596 1572 4664; x_wconf 72' lang='lat' dir='ltr'>ooeiduuttr·</span> <span class='ocrx_word' id='word_1_400' title='bbox 1646 4641 1647 4646; x_wconf 20' lang='grc' dir='ltr'><strong><em>κ</em></strong></span> 
     </span>
     <span class='ocr_line' id='line_1_37' title="bbox 422 4680 1036 4752; baseline -0.003 -10"><span class='ocrx_word' id='word_1_401' title='bbox 422 4691 434 4721; x_wconf 84' lang='lat'>&#39;</span> <span class='ocrx_word' id='word_1_402' title='bbox 471 4685 680 4752; x_wconf 67' lang='lat' dir='ltr'>Mercuriorum,</span> <span class='ocrx_word' id='word_1_403' title='bbox 694 4683 838 4744; x_wconf 71' lang='lat' dir='ltr'>mutem</span> <span class='ocrx_word' id='word_1_404' title='bbox 848 4680 1036 4744; x_wconf 74' lang='lat' dir='ltr'>Germaniae.</span> 
     </span>
    </p>
   </div>
   <div class='ocr_carea' id='block_1_5' title="bbox 0 0 1666 5376">
    <p class='ocr_par' dir='ltr' id='par_1_7' title="bbox 0 0 1666 5376">
     <span class='ocr_line' id='line_1_38' title="bbox 0 0 1666 5376; baseline 0 1"><span class='ocrx_word' id='word_1_405' title='bbox 0 0 1666 5376; x_wconf 95' lang='lat' dir='ltr'> </span> 
     </span>
    </p>
   </div>
  </div>
 </body>
</html>
