3564 5380
723 513 888 570 Amanum

721 799 900 865 LXXXVI

508 940 542 995 P.
562 939 802 996 EVERARDUS
820 939 1108 998 MERCURIANUS

590 1084 695 1132 PATRI
721 1085 840 1132 PAULO
861 1085 1029 1133 HOPFAEO

544 1208 688 1289 Romae,
710 1207 748 1274 18
765 1206 927 1273 Octobris
947 1222 1032 1291 1574
1047 1210 1069 1274 ¹.

255 1339 302 1396 De
311 1339 416 1414 glossa
429 1338 535 1394 Patris
548 1339 591 1394 Sa
603 1339 637 1394 in
649 1338 822 1411 evangelia:
834 1339 984 1410 quaedam
998 1339 1098 1412 officia
1107 1342 1267 1398 charitate
1279 1359 1356 1415 erga

532 1429 569 1484 P.
584 1427 727 1484 Natalem
736 1426 1080 1500 Hoffaeocommendat.

262 1555 422 1642 ...Quod
440 1556 483 1621 ad
500 1553 661 1621 uiaticum
678 1555 717 1621 P.
732 1553 863 1622 Natalis
877 1554 1011 1634 attinet,
1026 1553 1091 1622 erit
1103 1555 1185 1623 mihi
1201 1569 1412 1643 pergratum,

175 1655 227 1709 ut
246 1605 321 1730 ipse
335 1643 505 1726 intelligat
521 1645 617 1710 Tuae
633 1645 673 1710 R
682 1653 712 1686 ⁸
729 1643 812 1709 hinc
830 1663 906 1710 esse
926 1642 1151 1711 satisfactum.
1171 1647 1275 1730 Quod
1298 1657 1335 1712 ut
1357 1647 1417 1714 liat

180 1732 382 1813 curabitur,
406 1731 604 1819 praesertim
627 1753 695 1816 qua
717 1753 762 1800 ex
784 1743 880 1818 parte
900 1731 1098 1818 poterimus.
1123 1735 1193 1802 Sed
1215 1734 1353 1820 expedit
1377 1745 1416 1801 ut

181 1820 335 1887 omnino
349 1821 516 1907 intelligat
532 1823 644 1886 bonus
658 1840 763 1887 senex
778 1819 862 1886 nihil
874 1842 934 1906 per
949 1820 1042 1886 illum
1059 1822 1102 1888 ad
1114 1833 1262 1890 uestram
1276 1821 1418 1907 prouin-

182 1909 280 1976 ciam
296 1910 481 1977 accessisse
496 1908 713 1990 incommodi,
731 1929 810 1976 cum
829 1907 979 1994 alioquin
994 1909 1052 1994 qui
1074 1910 1202 1977 tamdiu
1218 1933 1314 1978 suam
1331 1933 1416 1997 ope-

182 2021 264 2066 ram
276 1997 440 2067 Societatr
451 1996 597 2066 fideliter
605 1995 774 2082 praestitit
785 2007 820 2064 et
831 1997 1025 2084 diligenter
1036 2000 1080 2066 de
1091 1999 1250 2066 omnibus
1262 2020 1303 2065 ac
1315 2022 1414 2085 prae

183 2085 311 2155 sertim
328 2089 372 2155 de
387 2097 502 2154 uestra
517 2086 703 2154 Germania
718 2085 762 2153 sit
779 2086 907 2172 optime
927 2086 1081 2153 meritus.

260 2179 301 2243 Ρ.
321 2175 521 2243 Emmanuel
536 2176 604 2243 Saa
619 2173 754 2260 scripsit
770 2176 918 2260 glossam
939 2175 1148 2259 quamdam
1139 2197 1175 2241 rn
1196 2176 1414 2262 euangelium

183 2262 274 2330 satis
290 2263 436 2344 erudite,
454 2284 542 2347 quae
558 2263 638 2329 item
655 2263 711 2330 his
727 2262 898 2350 theologis
914 2265 1135 2348 probabatur.
1151 2266 1278 2333 Deerat
1291 2287 1413 2347 unum,

183 2354 283 2437 quod
295 2373 363 2438 ego
374 2351 520 2437 amplius
531 2352 574 2418 ad
586 2350 677 2418 illam
690 2351 916 2420 adiiciendum
928 2361 943 2394 ⁸
954 2351 1131 2438 cupiebam
1144 2353 1255 2439 plane,
1271 2363 1309 2420 ut
1320 2355 1413 2421 loco·

183 2462 267 2507 rum
282 2439 591 2527 interpretationes
609 2461 695 2524 quas
710 2440 783 2526 ipse
797 2461 840 2506 ex
862 2439 1021 2506 Patribus
1044 2439 1193 2526 antiquis
1214 2441 1352 2528 selegit,
1370 2445 1415 2510 ad

184 2529 355 2616 origines,
367 2530 448 2596 'siue
463 2531 507 2596 ad
522 2528 672 2615 ipsorum
695 2531 835 2595 Patrum
858 2529 933 2594 loca
956 2539 1214 2611 reuocarentur,
1231 2532 1323 2614 quod
1344 2531 1415 2598 for-

186 2629 284 2686 tasse
300 2627 418 2704 postea
433 2618 526 2684 fecit.
541 2617 662 2686 Scribo
679 2618 719 2685 P.
735 2617 862 2698 Natali,
878 2628 915 2683 ut
930 2616 1054 2684 librum
1070 2629 1167 2686 curet
1181 2617 1295 2684 isthuc
1310 2619 1412 2703 mitti,

188 2706 346 2791 quicum
364 2708 486 2774 allatus
502 2705 617 2787 suerit,
633 2727 769 2792 operam
785 2707 861 2772 Tua
876 2707 937 2772 R.²
956 2706 1049 2773 dabit
1068 2717 1106 2772 ut
1121 2705 1177 2772 isti
1194 2707 1344 2794 theologi
1359 2708 1413 2774 iu-

187 2795 308 2862 dicent
323 2817 367 2862 an
382 2797 496 2882 praelo
512 2797 697 2861 tradendus
711 2795 767 2862 sit.

259 2884 380 2954 Scribo
399 2883 481 2951 item
501 2883 624 2950 rectori
644 2883 776 2950 halensi
798 2893 996 2950 contentum
1019 2903 1095 2949 esse
1117 2903 1173 2953 me
1195 2894 1233 2949 ut
1256 2882 1330 2970 ipse
1353 2907 1414 2971 pro

188 2975 296 3041 Patre
313 2972 425 3040 Natali
442 2973 605 3058 spondeat
621 2971 722 3039 alicui
738 2971 955 3057 bibliopolae,
969 2995 989 3038 a
1001 2992 1069 3056 quo
1082 2982 1219 3038 centum
1231 2993 1412 3041 aureorum

186 3083 325 3128 summa
340 3061 447 3148 possit
462 3061 551 3128 idem
568 3062 607 3127 P
625 3059 757 3128 Natalis
771 3060 876 3126 libros
895 3060 938 3127 ad
958 3079 1020 3128 sua
1040 3060 1154 3127 studia
1170 3067 1336 3129 coemere.
1354 3064 1412 3128 In-

186 3150 289 3217 terim
306 3149 363 3218 ille
378 3151 490 3216 bonus
506 3151 608 3218 Pater
623 3150 767 3230 curabit,
785 3148 1071 3251 quemadmodum
1088 3150 1131 3214 ad
1145 3169 1200 3214 me
1216 3149 1353 3229 scribit,
1373 3162 1411 3217 ut

184 3237 335 3326 pecunia
349 3239 404 3304 illa
422 3240 575 3304 soluatur
591 3259 670 3304 anm
661 3237 847 3305 bienniue
862 3236 983 3337 spatio.
1002 3239 1040 3302 In
1055 3238 1122 3302 hac
1137 3259 1175 3305 re
1191 3238 1232 3305 T.
1250 3239 1291 3304 R.
1311 3238 1410 3307 solita

184 3327 363 3395 charitaus
374 3327 487 3393 officia
499 3325 693 3413 praestabit
708 3328 906 3394 recordatus
918 3325 973 3391 rd
964 3345 1087 3410 ipsum
1102 3326 1194 3410 quod
1206 3325 1275 3391 dun
1288 3327 1409 3410 (quod-

184 3437 256 3501 que
271 3417 374 3485 credo
389 3436 472 3483 sane
488 3427 522 3482 te
537 3413 718 3498 recordari)
735 3425 803 3480 tam
820 3413 989 3499 insignem
1011 3423 1045 3482 et
1066 3423 1267 3498 prouectum
1288 3414 1409 3482 Socie-

185 3503 269 3572 tatis
280 3506 417 3572 Patrem
430 3503 523 3570 omni
534 3525 637 3589 opera
648 3523 723 3570 esse
735 3501 935 3582 iuuandum,
950 3512 1000 3580 ut,
1014 3522 1092 3568 cum
1106 3501 1162 3567 alii
1174 3503 1241 3568 hoc
1252 3504 1410 3588 exemplo

185 3594 232 3659 ad
255 3595 455 3678 exequenda
477 3604 593 3659 nostra
615 3591 802 3658 ministeria
827 3591 947 3657 sedulo
975 3589 1178 3670 excitentur,
1208 3590 1407 3678 gratitudini

186 3681 290 3749 simul
305 3703 390 3762 suus
404 3681 449 3747 sit
464 3682 571 3747 locus.
590 3681 667 3766 Ego
683 3700 761 3746 cum
781 3679 835 3745 his
855 3678 1014 3745 Patribus
1030 3680 1070 3745 R.
1089 3681 1131 3746 T.
1149 3679 1358 3747 orationibus
1373 3692 1409 3747 et

186 3769 411 3838 sanctissimis
426 3767 601 3837 sacrificiis
616 3767 717 3837 etiam
733 3778 836 3852 atque
851 3769 951 3834 etiam
968 3789 1023 3836 me
1034 3770 1248 3837 commendo.
1264 3770 1406 3850 Romae,

186 3858 268 3945 xviij
287 3857 449 3926 Octobris
469 3874 565 3942 1574.

238 4038 255 4072 ⁸
284 4027 418 4106 Regest„
431 4026 646 4082 adiiciendum.

184 4131 397 4145 *—

239 4179 247 4211 ¹
285 4177 330 4233 Ex
342 4177 483 4248 Regesto,
498 4175 570 4232 Cod.
587 4190 620 4246 33
626 4175 670 4247 j),
685 4173 715 4229 e.
733 4174 775 4239 16,
792 4187 834 4244 17.
850 4173 925 4230 Vide
942 4173 1029 4247 epist.
1044 4174 1107 4243 562,
1121 4173 1183 4248 563,
1198 4182 1229 4230 et
1241 4175 1304 4245 564.
1330 4243 1332 4245 Ι
