3494 5392
773 513 878 567 Eersr.
896 510 931 564 P.
951 507 1154 564 Nonae-366

705 761 743 817 P.
766 758 947 852 joannes
966 759 1020 814 DE
1039 754 1229 816 POLANCO

831 866 869 903 ex
886 865 1092 904 commissione

601 949 759 1017 PATRI
794 947 1114 1015 HIERONYMO
1149 946 1331 1013 NADAL
1404 984 1406 990 ·

663 1067 664 1070 ’
694 1073 814 1134 nonar,
835 1075 870 1133 29
889 1075 930 1116 113
948 1059 984 1116 30
1002 1073 1110 1116 nonen
1131 1059 1199 1129 1566
1219 1065 1238 1116 ¹.

353 1169 383 1220 ι’.
402 1161 479 1219 Cum
493 1163 602 1218 bellum
616 1163 764 1217 turcicum
777 1161 948 1228 immineat,
961 1159 1090 1215 breviter
1102 1159 1298 1230 expedientur
1314 1160 1437 1232 negotio
1453 1158 1579 1230 religio·

390 1253 522 1309 nie.-2.
542 1249 678 1307 Consilia
690 1249 812 1305 Natalis
820 1255 880 1323 pro
896 1249 1022 1321 collegio
1039 1248 1239 1320 oenipontano
1247 1249 1430 1320 probantur:
1447 1249 1579 1320 impero⁴

390 1343 462 1397 triei
478 1357 592 1396 morem
607 1343 694 1413 geret
706 1340 835 1411 Bergio,
854 1338 995 1411 Magium
1012 1339 1047 1392 in
1064 1338 1192 1391 Austrin
1208 1337 1467 1408 relinquens-3.
1488 1338 1581 1392 Ante-

391 1447 483 1502 qunm
500 1430 536 1484 de
556 1428 674 1498 Lonoyo
690 1429 881 1491 decernatur,
896 1426 1079 1498 imperatrix
1091 1425 1361 1494 consulendn.-4.
1388 1425 1432 1481 De
1453 1425 1581 1496 collegio

390 1517 669 1590 Bronnsbergae.—
672 1531 703 1584 5.
721 1517 766 1572 De
776 1517 921 1589 plocensi.
931 1545 953 1555 -
963 1514 982 1569 6
987 1554 995 1570 .
1012 1515 1244 1585 Post-scriptum
1256 1515 1292 1570 de
1303 1515 1420 1569 ratione
1431 1514 1583 1569 scribendi

391 1611 419 1663 et
431 1607 573 1662 mittendi
584 1606 737 1678 epistolas.

430 1724 458 1772 1.
502 1689 602 1792 Jhus'.
621 1703 726 1772 nono
743 1701 820 1770 Ro
841 1701 876 1767 in
892 1704 980 1788 xpo.
1001 1703 1123 1768 padre:
1143 1703 1215 1769 Pax
1231 1702 1472 1788 30131330
1493 1701 1581 1767 aee-

359 1831 445 1886 3310
462 1819 573 1904 quelle
590 1818 624 1884 di
640 1819 684 1884 V.
703 1820 744 1885 R.
763 1818 807 1885 de
823 1817 856 1898 6,
873 1838 908 1904 9,
926 1826 961 1883 et
981 1817 1020 1883 16
1035 1817 1091 1884 del
1107 1827 1277 1904 presente:
1295 1838 1364 1882 non
1380 1838 1419 1883 so
1431 1817 1464 1882 la
1475 1837 1580 1882 causa

358 1936 484 2022 perche
500 1956 569 2001 non
584 1933 710 2000 habbia
725 1930 879 2000 riceuuto
894 1932 1015 2000 lettere
1031 1942 1158 2014 nostre,
1176 1932 1358 1998 hauendoli
1377 1954 1441 2018 pur
1461 1931 1579 1997 scritto

359 2050 496 2116 diuerso
511 2049 617 2128 uolte,
636 2058 672 2116 et
687 2046 784 2133 quasi
800 2067 934 2132 sempre
949 2060 1010 2132 per
1025 2067 1125 2112 mano
1145 2048 1200 2116 del
1221 2057 1346 2132 agente
1364 2047 1444 2114 dell'
1469 2047 1576 2113 Illmo.

360 2165 511 2232 cardinal
526 2165 560 2229 d'
580 2167 751 2249 Augusta.
771 2161 837 2228 Dio
853 2161 902 2228 sia
918 2162 1068 2243 laudato,
1086 2163 1150 2228 che
1166 2184 1186 2229 3
1200 2161 1282 2228 dato
1303 2185 1323 2229 a
1344 2161 1424 2228 tutti
1443 2181 1464 2245 4
1487 2161 1581 2228 buon

361 2277 514 2365 uiaggio‚
532 2277 653 2364 poiche
668 2298 753 2344 sono
769 2275 907 2343 arriuati
923 2295 989 2342 con
1006 2275 1115 2342 sanita
1132 2286 1190 2342 tan
1206 2297 1378 2362 prospera,
1393 2287 1428 2345 et
1444 2276 1502 2362 piir
1518 2277 1583 2343 che

361 2394 499 2478 quando
515 2393 687 2478 partirono
703 2391 737 2458 di
753 2393 872 2458 Roma.
892 2393 1032 2478 Quanto
1047 2392 1112 2458 alle
1127 2411 1207 2458 cose
1222 2393 1311 2460 della
1323 2390 1500 2478 religione,
1515 2390 1582 2459 ben

362 2507 471 2595 potria
487 2527 600 2573 essere
613 2528 681 2574 303
694 2505 723 2574 si
736 2505 884 2574 trattassi
897 2508 1002 2572 molto
1014 2506 1078 2572 3113
1090 2507 1206 2593 longa,
1221 2526 1259 2574 se
1269 2506 1293 2572 11
1305 2517 1403 2573 turco
1416 2528 1477 2572 usa
1489 2516 1585 2573 tanta

362 2625 463 2690 fretta
479 2634 607 2708 quanta
622 2619 680 2707 qui
697 2623 723 2688 s'
739 2623 759 2689 e
774 2623 879 2702 detta3
898 2642 994 2688 come
1010 2620 1039 2687 si
1054 2621 1167 2708 uoglia
1178 2624 1243 2689 che
1255 2632 1376 2708 questo
1388 2621 1450 2703 sia,
1464 2621 1585 2688 ebone

360 2750 451 2806 stare
467 2737 501 2803 in
518 2736 634 2805 ordine
649 2759 712 2822 per
727 2737 840 2821 quello
855 2738 920 2803 che
941 2739 1119 2804 occorrera
1135 2736 1217 2816 fare,
1235 2737 1410 2828 conforme
1425 2735 1490 2804 3113
1502 2741 1593 2822 pro-²

359 2853 509 2921 sessione
529 2863 644 2918 nostra
665 2862 699 2920 et
720 2853 788 2920 fine
808 2871 868 2937 per
888 2849 911 2916 11
933 2851 1034 2936 quale
1054 2851 1078 2916 11
1098 2853 1142 2916 ha
1169 2850 1320 2918 mandati
1340 2853 1413 2920 Sua
1433 2849 1580 2920 Santita.

361 2969 401 3034 L'
419 2968 542 3034 andala
562 2965 596 3031 di
613 2968 656 3033 V.
675 2968 716 3033 R.
736 2986 802 3033 con
823 2967 845 3032 l'
869 2965 1032 3034 essercito
1047 2976 1165 3032 contra
1181 2964 1192 3030 i
1208 2965 1320 3032 turchi
1336 2965 1365 3032 si
1381 2968 1479 3052 potri
1498 2986 1583 3032 con·

361 3082 491 3150 siderar
505 3081 633 3168 meglio
647 3080 755 3168 prima
771 3084 834 3148 che
850 3080 878 3146 si
900 3080 1006 3147 faccia
1025 3081 1146 3147 offerta
1166 3103 1184 3146 a
1209 3081 1249 3148 S.
1280 3083 1344 3161 Μ.,
1369 3079 1491 3168 poiche
1514 3101 1585 3146 303

361 3199 520 3262 mancarir
535 3196 580 3262 da
596 3196 678 3276 iare,
696 3196 792 3264 finita
807 3197 840 3263 la
856 3195 957 3276 dieta,
976 3195 1065 3263 nelle
1081 3217 1159 3262 cose
1174 3197 1255 3263 dell’
1275 3195 1378 3262 uficio
1392 3198 1458 3264 che
1474 3196 1517 3262 da
1530 3217 1587 3263 me

363 3311 387 3376 li
404 3313 423 3378 ὲ
439 3321 530 3378 stato
546 3312 818 3378 raccomandato.
937 3387 939 3393 ¹

432 3445 464 3492 2.
513 3427 549 3494 S’
568 3428 587 3493 i
603 3425 714 3494 inteso
729 3426 753 3491 l'
772 3425 891 3492 ordine
907 3425 1047 3492 lasciato
1069 3425 1105 3492 in
1126 3425 1313 3512 Hispruch,
1339 3436 1373 3494 et
1396 3425 1419 3491 il
1443 3425 1590 3512 disegno

364 3541 399 3608 di
415 3540 586 3609 chiamare
602 3541 637 3606 in
653 3542 814 3628 Augusta
833 3540 858 3607 il
880 3542 920 3607 P.
945 3542 1091 3607 Hermes
1111 3541 1136 3607 ².
1161 3542 1204 3607 V.
1232 3542 1274 3607 R.
1301 3540 1408 3608 faccia
1431 3561 1530 3608 come
1550 3541 1590 3605 tn

367 3659 517 3722 Domino
532 3655 709 3742 giudicara
724 3677 817 3723 osser
836 3655 1012 3742 spediente
1033 3655 1068 3721 in
1088 3666 1225 3740 quest0,
1250 3665 1285 3724 et
1306 3655 1409 3725 etiam
1428 3658 1484 3722 nel
1503 3654 1590 3722 scri-

368 3793 450 3840 uere
469 3771 573 3856 quelli
589 3769 701 3838 libreti
717 3781 835 3836 contra
854 3770 1006 3850 heretici,
1025 3770 1138 3837 dando
1155 3771 1257 3855 quell'
1275 3770 1394 3838 ordine
1410 3769 1512 3840 cheli
1527 3793 1590 3856 pa-

366 3890 442 3954 ‘reri
457 3886 632 3953 conuenir.
651 3884 689 3954 Si
704 3887 800 3971 porra
815 3885 889 3952 dire
903 3885 968 3952 3113
984 3883 1211 3971 81330131).ἰ
1233 3886 1340 3953 Maria
1360 3885 1395 3952 di
1417 3887 1588 3965 Cardono,

277 4083 283 4094 ἱ
368 4013 403 4068 et
419 4003 539 4081 anche,
562 4000 591 4066 si
612 4001 787 4080 accedero,
810 4000 874 4068 3113
895 3999 1120 4086 imperatrice,
1146 4003 1212 4068 che
1235 4002 1383 4069 tenendo
1405 4001 1548 4088 rispetto
1571 4021 1593 4065 3

368 4117 405 4184 S.
426 4118 487 4196 M..
510 4137 579 4182 303
600 4119 628 4181 s’
650 4117 670 4182 ὲ
691 4115 775 4182 latta
790 4113 988 4182 risolutione
1011 4116 1134 4182 alcuna
1157 4115 1192 4182 di
1215 4117 1331 4186 leuare
1352 4117 1385 4182 d'
1408 4113 1550 4184 Austria
1569 4113 1596 4180 11

424 4356 433 4389 ¹
469 4354 513 4407 Ex
526 4354 696 4425 archetypo,
712 4369 729 4408 a
742 4353 856 4424 Joanne
869 4353 1039 4410 Femandez
1052 4363 1183 4426 exarato,
1196 4355 1246 4410 cui
1257 4353 1466 4427 postscriptum
1480 4350 1598 4425 propria

368 4458 457 4496 manu
469 4439 579 4496 addidit
593 4441 709 4513 Borgia,
722 4441 939 4515 subscriptione
952 4451 1051 4498 tamen
1065 4442 1185 4514 omissa,
1203 4444 1234 4499 13
1254 4441 1330 4499 Coe.
1356 4457 1403 4514 34,
1422 4443 1509 4498 unico
1526 4439 1597 4512 ioh,

370 4542 421 4599 170
435 4531 507 4600 (25).
523 4529 728 4601 Respondetur
738 4531 768 4586 in
777 4532 832 4587 hac
843 4531 967 4604 epistola
977 4531 1026 4604 iis,
1036 4549 1112 4605 quae
1122 4532 1153 4588 in
1165 4532 1252 4605 epist.
1266 4529 1385 4602 355·360
1397 4531 1597 4588 continentur.

369 4619 504 4762 Alterulrp
517 4619 684 4762 {exemplum
698 4628 795 4676 exstat
808 4622 838 4676 in
851 4621 991 4692 Regesto,
1011 4619 1087 4678 Cori.
1107 4635 1140 4693 33
1147 4621 1194 4695 f),
1208 4621 1242 4678 ff.
1258 4621 1305 4691 86,
1318 4619 1363 4691 87.

422 4711 433 4742 ¹
501 4722 645 4779 epawer.
