3318 5376
1212 14 1655 149 ’ψ

435 472 489 551 311
819 497 923 553 Erras.
939 494 977 552 P.
998 496 1201 569 Ninia-448

396 649 497 716 altro.
514 649 687 714 Dominus
706 651 751 714 sit
771 648 955 714 nobiscum.
987 649 1062 716 Ora
1077 656 1144 736 pro
1167 673 1231 732 me,
1252 653 1371 719 Pater.
1394 655 1452 721 Da
1472 655 1618 743 Dilinga,

394 763 452 829 alli
472 781 511 846 14
527 764 570 832 de
586 763 784 831 Nouembre
804 763 900 847 1566.
915 765 960 831 D.
980 765 1023 831 V.
1043 766 1085 831 P.
1103 787 1206 834 seruo
1222 788 1266 836 en
1282 769 1387 854 Xpo.,

1209 889 1231 978 1
1252 893 1392 960 NADAL·
1417 891 1443 979 1

461 1109 644 1194 Inscriptio
659 1109 698 1176 in
719 1115 835 1176 octava
849 1111 1004 1197 pagina:
1019 1112 1118 1198 jhus.
1151 1111 1244 1179 Patri
1271 1123 1388 1180 nostro
1406 1113 1483 1181 soli.
1514 1115 1609 1180 Vasti·

388 1224 493 1312 giam
509 1225 633 1311 sigilli.

959 1339 1049 1402 MS

627 1440 680 1507 P.
722 1439 1129 1508 HIERONYMUS
1175 1440 1383 1509 NADAL

698 1552 857 1611 SANCTO
875 1552 1100 1611 FRANCISCO
1113 1555 1166 1610 DE
1180 1553 1306 1626 BORJA

745 1663 908 1722 pisinnan,
923 1662 956 1720 14
969 1662 1151 1709 novarianis
1166 1651 1265 1721 1566¹.

387 1760 414 1804 1.
429 1749 563 1822 Bargiae
576 1749 789 1805 instructiones
798 1753 857 1820 pro
869 1749 1058 1803 institutione
1071 1749 1268 1822 collegiorum
1281 1749 1401 1822 Spirae,
1419 1749 1527 1806 Leodii
1538 1755 1565 1806 et
1575 1751 1611 1804 ad

424 1838 570 1894 Sanctum
583 1839 795 1894 Andomarnm
805 1855 835 1894 se
845 1839 989 1910 accepisse
1001 1838 1060 1892 ait:
1069 1838 1105 1892 de
1123 1836 1305 1910 Wolfgango
1314 1839 1356 1893 orl
1366 1841 1524 1894 saniorem
1537 1857 1610 1893 men·

422 1931 482 1982 tem
494 1928 744 1983 reducenda-2.
758 1925 805 1982 De
812 1925 956 1998 formula
969 1927 1003 1980 in
1014 1925 1203 1996 fundatione
1215 1926 1336 2000 collegii
1352 1927 1551 1982 olomucensis
1562 1927 1608 1980 ad·

419 2015 558 2072 hibenda.
566 2031 626 2087 -ς,
643 2017 693 2071 An
706 2016 834 2088 collegia
845 2019 874 2071 et
888 2015 1058 2070 seminaria
1069 2015 1220 2086 stipendia
1233 2015 1387 2070 visitatori
1394 2020 1457 2088 pro
1469 2017 1606 2071 itinerum

419 2105 556 2178 expensis
567 2104 705 2178 conferre
718 2105 884 2160 debeante
896 2118 927 2172 4.
940 2102 986 2157 De
997 2103 1131 2176 collegiis
1143 2103 1297 2168 Potoniae,
1307 2107 1335 2158 et
1347 2105 1383 2159 de
1395 2105 1555 2177 magistris
1566 2103 1606 2157 nl·

419 2197 467 2247 tro
480 2195 613 2261 citroque
625 2194 856 2260 mittendis-5.
870 2191 917 2247 De
930 2191 1030 2246 Paulo
1039 2191 1253 2264 pristena-6.
1270 2193 1320 2246 An
1332 2193 1479 2248 baeretici
1491 2195 1523 2248 in
1535 2193 1605 2246 sao-

420 2282 459 2336 lis
472 2281 629 2338 Societatis
640 2283 824 2338 admittendi
835 2281 1085 2349 videantur.-7.
1102 2281 1148 2334 De
1160 2281 1224 2334 suis
1236 2281 1409 2337 itineribus.

441 2399 485 2465 ,1.
519 2381 617 2467 Jhus
630 2380 736 2447 Molto
747 2380 834 2446 Rdo.
848 2379 959 2445 Padre
971 2387 1087 2444 nostro
1097 2377 1131 2443 in
1142 2377 1291 2445 Christo.
1305 2381 1378 2445 Pax
1387 2379 1529 2460 Christi,
1540 2389 1598 2447 etc.

384 2495 424 2560 In
440 2505 562 2580 questa
577 2495 775 2581 rispondero
791 2517 811 2560 a
825 2494 893 2562 due
909 2496 973 2560 che
988 2495 1032 2560 ho
1050 2492 1203 2561 riceuute
1218 2493 1307 2559 dalla
1322 2494 1363 2560 Ρ.
1383 2495 1444 2576 V.,
1458 2495 1502 2563 de
1521 2513 1556 2574 14
1570 2491 1599 2558 di

381 2609 577 2678 Settembre
593 2620 627 2678 et
648 2625 686 2694 15
702 2611 736 2677 d'
755 2611 914 2692 Ottobre,
932 2618 967 2676 61
982 2609 1055 2675 diro
1071 2608 1184 2693 quello
1199 2611 1264 2676 che
1284 2608 1320 2674 di
1339 2609 1398 2695 piis
1413 2611 1594 2686 occorreri,
1654 2669 1655 2694 ἢ

359 2710 363 2718 ’
380 2745 444 2812 per
459 2747 528 2792 non
543 2735 665 2792 metter
677 2725 759 2811 ogni
775 2745 855 2792 cosa
870 2724 906 2790 in
917 2724 1029 2809 quella
1040 2724 1129 2792 della
1141 2722 1252 2805 visita,
1265 2726 1330 2792 che
1342 2725 1362 2791 ὁ
1374 2736 1473 2811 tropo
1485 2726 1592 2810 lunga.
1653 2766 1654 2799 .

384 2840 451 2906 Per
474 2840 587 2926 quella
606 2840 650 2908 de
674 2859 713 2922 14
733 2850 824 2907 resto
842 2839 1036 2921 informato,
1055 2849 1089 2908 61
1116 2842 1162 2905 ho
1177 2838 1286 2906 inteso
1305 2840 1328 2905 l'
1345 2839 1466 2907 ordine
1485 2841 1545 2906 che
1564 2839 1592 2903 ta
1652 2862 1653 2903 1

383 2955 423 3021 P.
442 2957 485 3024 V.
505 2955 551 3020 mi
567 2956 635 3021 (111ει
650 2955 705 3022 del
720 2955 865 3043 collegio
880 2954 915 3021 di
930 2954 1040 3041 Spita,
1055 2954 1079 3020 il
1094 2955 1195 3040 quale
1209 2954 1382 3042 seguitaro
1398 2977 1465 3023 con
1477 2957 1509 3022 la
1519 2976 1591 3042 gra-
1651 2957 1652 3010 1

377 3069 428 3137 tia
448 3071 503 3138 del
523 3070 681 3158 Signore.
702 3074 768 3139 Per
792 3071 816 3136 l'
834 3072 919 3137 altra
940 3073 1087 3136 anchora
1102 3070 1241 3137 intendo
1261 3071 1284 3136 l’
1301 3069 1492 3139 intentione
1513 3069 1589 3136 delia
1650 3055 1651 3113 l

381 3186 422 3252 Ρ.
441 3187 485 3253 V.
504 3196 632 3270 quanto
648 3186 680 3254 al
694 3185 839 3272 collegio
853 3185 889 3251 di
904 3184 1002 3271 Liegi
1018 3195 1052 3252 et
1068 3185 1175 3254 Santo
1191 3187 1351 3252 Homar't
1368 3187 1513 3255 essendo
1534 3203 1590 3250 con

375 3301 482 3386 quelli
498 3301 600 3369 Padri
618 3311 814 3368 trattaremo
828 3321 893 3368 con
916 3299 1086 3386 diligenza
1102 3300 1135 3365 d’
1153 3297 1235 3387 ogni
1251 3321 1346 3381 cosa,
1365 3311 1400 3370 61
1420 3303 1589 3371 uederemo

374 3416 491 3501 quello
512 3418 575 3484 che
595 3416 624 3483 si
644 3418 765 3502 puotra
785 3420 874 3499 fare,
891 3417 1042 3482 secondo
1062 3415 1085 3479 l'
1104 3415 1221 3482 ordine
1244 3417 1308 3482 che
1328 3417 1372 3483 di
1391 3418 1424 3483 la
1446 3421 1485 3485 P.
1504 3418 1543 3484 V.
1560 3413 1586 3479 Α

377 3531 555 3618 Herbipoli
570 3533 752 3599 andaremo
767 3553 833 3599 con
847 3532 880 3598 la
894 3531 1006 3617 gratia
1021 3532 1077 3599 del
1093 3530 1239 3617 Signore
1255 3531 1277 3596 il
1295 3533 1335 3599 Ρ.
1355 3533 1493 3601 Canisio
1504 3542 1536 3600 et
1547 3529 1584 3606 io,

373 3656 412 3714 et
427 3669 533 3732 penso
547 3647 730 3734 partiremo
745 3647 872 3728 lunedi,
890 3650 1091 3715 chasarario
1111 3648 1148 3714 18
1165 3648 1207 3713 de
1222 3656 1354 3731 questo.
1373 3648 1399 3714 11
1414 3641 1584 3714 summario

374 3763 419 3830 de
434 3773 527 3831 certe
541 3763 660 3830 lettere
675 3761 754 3830 delli
770 3761 931 3842 Maluchi,
949 3765 1014 3830 che
1033 3761 1080 3827 mi
1095 3761 1124 3829 si
1140 3761 1251 3829 scriue
1267 3762 1506 3844 mandarsemi,
1523 3779 1582 3826 non

374 3876 398 3942 l’
414 3879 460 3945 ho
476 3879 657 3946 riceuutto.
673 3879 722 3946 La
734 3881 774 3945 P.
790 3880 833 3945 V.
849 3877 974 3946 uederir
990 3899 1057 3943 una
1072 3875 1167 3962 copia
1180 3878 1223 3944 de
1238 3898 1306 3944 una
1321 3878 1441 3946 lettera
1456 3879 1508 3946 dei
1520 3883 1580 3942 ret·

373 3993 439 4059 tor'
456 3994 500 4062 de
516 3996 629 4080 Praga
639 3993 665 4074 '‚
683 4004 718 4062 61
733 3991 910 4060 intenderit
925 3992 957 4058 la
973 3990 1151 4058 insolentia
1167 3993 1212 4061 de
1227 3993 1328 4060 Mtro.
1348 3988 1578 4078 Wolffcango²
1632 3989 1633 3998 ’

373 4135 584 4146 -ι-ι--ι-

424 4210 441 4242 ⁸
468 4201 588 4282 41611111
601 4216 685 4272 seqq.
703 4197 814 4256 addidit
827 4197 893 4254 libr.
907 4197 937 4253 in
956 4214 1051 4268 marg.

371 4299 584 4316 Q———-

425 4353 432 4386 ¹
469 4351 515 4406 Ex
537 4352 706 4423 archetypo,
730 4366 747 4405 a
769 4349 904 4420 Jimenez
928 4357 1058 4419 exarato,
1076 4356 1108 4404 et
1129 4349 1243 4406 Natalis
1265 4365 1352 4408 manu
1373 4347 1577 4424 subscriptain

368 4438 466 4510 Epist.
481 4439 604 4510 Natat,
618 4439 656 4510 11,
670 4438 779 4511 duplici
793 4437 862 4510 iol„
878 4450 927 4508 159
945 4439 1021 4507 (142,
1037 4435 1113 4508 143).
1130 4437 1206 4494 Vide
1224 4439 1314 4511 epist.
1334 4438 1385 4510 431
1406 4448 1437 4496 et
1453 4433 1575 4512 431111-

362 4527 423 4582 bus
436 4529 509 4583 haec
521 4526 689 4599 respondet.

419 4620 430 4652 ¹
469 4616 814 4673 HenricusBlissemius.

418 4705 430 4738 ³
466 4705 512 4760 De
526 4703 587 4778 illo,
600 4705 630 4761 ni
643 4703 779 4774 fallimur,
793 4721 889 4761 sermo
906 4712 953 4761 est
970 4704 1000 4760 in
1017 4706 1150 4776 catalogo
1168 4705 1286 4778 collegii
1304 4706 1497 4764 olomucensis
1513 4696 1571 4758 sani
