3322 5370
553 488 565 530 r
587 476 714 532 Aemus
738 475 806 544 1567
1199 491 1252 547 429

15 687 16 690 η
93 633 128 699 ha
139 640 353 718 augmentato.
373 612 401 697 it
418 631 487 696 ben
504 651 599 710 uero,
618 630 685 696 che
700 627 792 714 dipoi
812 630 878 696 che
894 651 979 696 sono
994 627 1070 714 qui,
1089 650 1157 694 non
1174 631 1290 696 hanno

15 791 16 794 =
90 758 191 833 pagato
204 769 239 814 se
253 768 317 812 non
336 761 379 830 50
395 745 517 813 talleri.
533 747 668 812 Adesso
684 750 798 810 tumn
809 744 844 810 di
856 765 973 812 nuouo
988 745 1196 812 dimandano
1207 719 1288 811 delli

91 860 152 928 anni
166 860 297 929 decorsi.
317 863 413 931 Sono
429 867 544 926 tamen
559 860 617 947 piu
635 862 701 927 che
717 860 879 927 soleuano
892 860 949 928 nel
969 871 1089 930 senato
1105 861 1172 926 che
1188 863 1288 927 fauo-

91 977 226 1044 rischino.
240 976 278 1044 Li
294 975 373 1044 altri
389 975 605 1044 arciuescoui
617 977 733 1042 hanno
746 995 833 1062 poco
846 975 1003 1042 fauorito:
1018 986 1139 1061 questo
1152 975 1170 1041 e
1183 977 1288 1041 molto

89 1091 232 1159 contrario
245 1095 266 1173 ¹,
284 1105 320 1160 et
335 1091 510 1178 sappiamo
525 1093 592 1158 che
604 1091 696 1160 tiene
712 1113 773 1177 per
788 1101 883 1159 certo
900 1093 967 1158 che
979 1089 1003 1156 li
1014 1090 1124 1156 nostri
1136 1089 1158 1155 l'
1171 1092 1288 1157 hanno

88 1219 225 1274 accusato
238 1228 400 1294 appresso
415 1207 438 1273 il
454 1228 553 1293 papa.
574 1208 700 1274 Mando
716 1207 782 1273 alla
798 1209 838 1272 P.
853 1207 897 1273 V.
916 1206 950 1273 la
965 1205 1210 1292 supplicatione
1221 1207 1288 1286 che

87 1323 186 1389 sifece
206 1325 235 1390 al
252 1322 433 1410 principio,
457 1344 517 1408 per
536 1324 665 1391 hauere
688 1331 810 1406 questo
831 1322 989 1408 collegio,
1006 1322 1139 1390 bench&
1156 1321 1192 1387 in
1209 1323 1288 1391 the-

85 1438 170 1506 desco
181 1449 216 1519 ¹,
231 1449 264 1506 et
280 1439 366 1506 altre
378 1437 550 1518 scritture,
565 1439 654 1504 doue
667 1437 791 1505 uedert
803 1436 952 1504 alchune
964 1436 1155 1522 gentilezze
1166 1448 1288 1504 contro

85 1552 128 1618 alli
141 1553 236 1620 nostri
252 1555 342 1622 della
357 1553 545 1620 vniuersitd
567 1562 602 1620 et
623 1551 747 1618 facoltd
769 1551 929 1618 artistica.
949 1553 986 1618 lo
1006 1554 1053 1618 ho
1068 1553 1197 1632 voluto,
1218 1555 1286 1618 Pa-

85 1669 142 1750 dre,
154 1668 312 1739 attender'
324 1691 346 1735 a
358 1671 425 1735 che
437 1667 460 1733 li
473 1665 580 1734 nostri
593 1666 744 1733 habbino
756 1667 789 1732 la
800 1666 933 1746 liberta,
948 1667 977 1734 si
994 1688 1090 1733 come
1103 1667 1196 1754 negli
1209 1667 1284 1732 altri

85 1783 198 1871 collegii
215 1787 303 1854 della
325 1783 554 1870 Compagnia.
579 1785 622 1849 Et
646 1783 844 1876 finalmente
859 1782 906 1848 mi
933 1783 950 1849 ὲ
978 1803 1078 1868 perso
1101 1781 1137 1846 in
1161 1793 1286 1867 questo

86 1907 179 1984 tempo
196 1923 262 1967 non
284 1921 405 1967 mouer
425 1898 550 1966 nisuna
570 1919 667 1978 cosa,
686 1919 724 1966 se
744 1919 814 1964 non
835 1897 917 1964 dare
934 1908 1029 1965 certa
1049 1896 1283 1977 instruttione‚

86 2015 168 2096 quale
181 2016 300 2086 vedere
316 2016 351 2082 la
367 2018 407 2082 P.
427 2015 471 2081 V.
491 2011 585 2099 negli
601 2011 723 2078 scritti.
743 2014 786 2078 Et
802 2014 848 2078 ha
864 2012 1012 2098 piaciuto
1030 2022 1151 2097 questa
1171 2013 1285 2080 deter-

86 2128 245 2199 minatione
260 2131 329 2197 mia
343 2153 364 2196 a
380 2129 492 2214 questi
509 2127 624 2209 Padri,
642 2127 769 2213 perche
790 2138 914 2195 stanno
930 2128 1036 2193 molto
1056 2148 1157 2212 sopra
1177 2126 1213 2194 di
1234 2147 1283 2208 se,

85 2255 112 2308 et
123 2246 227 2312 hanno
241 2245 420 2334 raggione.
437 2246 481 2310 Et
497 2250 611 2310 tamen
623 2265 683 2329 per
698 2243 805 2309 molto
820 2243 886 2309 che
902 2244 1019 2308 hanno
1031 2243 1152 2309 voluto
1163 2241 1285 2309 debili-

87 2362 181 2430 tarele
195 2362 310 2429 schole
327 2372 444 2428 nostre
460 2358 571 2445 questi
588 2357 742 2425 huomini
758 2359 802 2424 da
817 2359 918 2440 bene,
937 2379 1022 2426 sono
1039 2357 1124 2423 tanti
1137 2358 1285 2425 scholari

84 2474 111 2538 in
123 2488 230 2561 questo
245 2488 373 2562 temp0‚
391 2495 489 2542 come
505 2473 572 2540 mai
589 2473 722 2540 lurono.
739 2456 847 2540 Eben
862 2494 943 2541 uero
955 2475 1020 2540 che
1032 2473 1181 2558 legendo
1193 2473 1284 2540 ethi-

83 2610 123 2672 ca,
137 2592 351 2679 metaphisica
366 2601 401 2658 et
416 2587 646 2668 matematica,
661 2587 877 2656 haueresimo
888 2587 947 2674 piu
963 2590 1006 2656 de
1019 2589 1132 2672 quella
1147 2599 1239 2656 sorte
1251 2600 1287 2658 et

84 2704 219 2776 sciencie.
237 2709 263 2774 ss
285 2711 325 2774 P.
345 2705 547 2774 Leonardo'
572 2714 625 2770 sta
645 2702 680 2769 di
700 2704 806 2770 molto
826 2704 920 2770 buon
941 2702 1055 2770 animo
1075 2725 1224 2790 sempre‚
1250 2715 1285 2770 et

85 2841 164 2906 spera
176 2823 208 2889 di
224 2825 294 2892 fare
310 2822 368 2908 qui
384 2843 431 2886 vn
445 2841 532 2908 gran
548 2818 694 2906 collegio
709 2829 745 2885 et
759 2819 902 2885 dotarlo.
922 2820 1098 2887 Concorre
1118 2819 1175 2885 nel
1190 2820 1283 2884 buon

84 2937 176 3004 animo
190 2939 213 3004 il
228 2942 267 3006 P.
287 2938 399 3019 Retio,
416 2947 452 3004 et
467 2936 500 3002 io
516 2937 562 3001 ho
578 2956 742 3021 speranza
753 2935 809 3000 ch'
823 2935 847 2999 il
859 2933 1007 3020 Signore
1020 2934 1113 3000 lddio
1131 2935 1283 3021 risguar·

85 3051 148 3120 dard
163 3054 206 3141 gli
221 3053 368 3140 trauagli
384 3054 451 3120 che
471 3060 592 3138 questo
612 3049 757 3134 collegio
778 3051 823 3116 ha
843 3049 951 3134 patito
973 3060 1007 3116 et
1029 3049 1156 3134 patisce
1179 3069 1282 3135 pura-

84 3181 176 3236 mente
190 3193 248 3256 per
261 3191 326 3236 suo
340 3166 494 3253 seruigio
504 3176 539 3233 et
550 3166 660 3232 salute
672 3165 759 3232 delle
771 3164 894 3247 anime,
909 3175 944 3233 et
956 3165 1036 3232 darei
1049 3165 1120 3230 loro
1133 3165 1282 3231 alchuna

86 3283 179 3352 buona
200 3283 411 3352 fundatione.
430 3283 508 3348 Non
529 3283 645 3348 hanno
665 3279 807 3366 pigliato
823 3279 935 3364 questi
954 3280 1038 3347 mesi
1057 3279 1184 3365 passati
1204 3302 1283 3366 per-

84 3419 150 3468 sone
163 3425 218 3488 per
233 3402 266 3468 la
278 3397 504 3485 Comppgnia‚
518 3397 663 3466 essendo
674 3399 738 3463 che
749 3406 893 3462 stauano
907 3395 1100 3481 trauagliati
1116 3395 1283 3481 dequesti

84 3517 190 3584 rumori
210 3515 335 3604 passati
358 3523 394 3580 et
421 3522 526 3598 peste.
547 3511 681 3578 Adesso
704 3509 915 3576 n'tomarano
938 3509 1003 3576 alla
1030 3509 1216 3596 piscatione
1240 3513 1284 3577 da

83 3651 162 3712 vero,
177 3645 210 3701 et
224 3633 280 3720 gii
296 3635 325 3698 s’
343 3631 361 3697 ὲ
374 3630 454 3696 dato
469 3626 588 3694 ordine
600 3628 665 3694 che
677 3625 705 3691 si
718 3624 847 3711 piglino
858 3625 914 3691 doi
927 3625 1093 3692 sacerdoti
1110 3625 1198 3692 assai
1209 3626 1282 3692 suf-

83 3746 207 3830 ficienti,
227 3746 345 3816 mastri
366 3747 404 3812 in
424 3743 571 3823 artibus,
592 3753 627 3809 et
647 3763 694 3806 vn
714 3741 859 3827 physico
878 3742 972 3807 buon
993 3742 1165 3820 scholare,
1188 3750 1223 3807 et
1238 3763 1283 3806 vn

83 3861 160 3930 buon
173 3864 367 3932 coadiutore
382 3859 566 3945 temporale
587 3868 727 3925 sartore.
747 3855 818 3942 Qui
835 3859 880 3922 ho
895 3867 1030 3922 trouato
1046 3868 1118 3923 otto
1134 3878 1155 3922 ο
1170 3855 1284 3922 diecib

82 3977 110 4041 di
125 3980 278 4060 Tornaco,
297 3976 395 4063 quasi
412 3974 491 4041 tutti
507 3972 628 4040 nouiti:
642 3973 768 4040 vederb
784 3972 819 4037 di
834 3972 1059 4038 accomodarli
1076 3971 1110 4038 in
1123 3971 1199 4038 altri
1212 3973 1284 4037 col-

82 4091 150 4178 legii
163 4093 194 4160 di
209 4094 367 4172 Fiandra‚
387 4090 478 4177 dipoi
494 4092 561 4157 che
577 4086 622 4154 mi
638 4087 756 4154 ritroui
772 4085 914 4154 insieme
933 4088 1000 4153 co'l
1018 4089 1057 4154 P.
1076 4089 1219 4155 Costero
1236 4087 1285 4152 ilc

20 4203 25 4218 '
81 4211 135 4276 che
148 4211 216 4278 sarri
232 4210 266 4276 in
283 4206 429 4276 Treuiri.

83 4331 258 4342 ’.ῃ-...-

123 4389 136 4420 ⁸
160 4377 176 4434 3
188 4381 276 4434 verba
288 4395 376 4449 seqq.
394 4373 505 4430 addidit
519 4371 589 4428 libr.
607 4371 636 4427 in
650 4387 741 4442 marg.
756 4403 767 4410 ·
781 4372 797 4414 b
811 4371 951 4444 Sequitur
962 4371 1074 4443 nouitij
1085 4372 1287 4443 obliteratum,

80 4473 106 4519 ut
118 4466 252 4525 videtura
266 4467 392 4524 libr.--c
405 4465 470 4519 Hoc
483 4463 566 4518 verb.
582 4460 693 4516 addidit
706 4461 775 4516 libr.
790 4478 878 4532 supra
891 4479 971 4517 vers.

126 4602 132 4633 ¹
166 4601 410 4674 Arcbiepiscopus
423 4595 601 4654 coloniensis
615 4601 678 4649 etat
691 4593 857 4650 Fridericus
871 4595 912 4648 IV
927 4594 1020 4650 Weda
1033 4605 1104 4663 (von
1118 4594 1229 4666 Wied).

124 4695 135 4725 ¹
168 4690 334 4748 Leonardus
349 4689 465 4757 Kessel,
480 4694 575 4741 rector
587 4683 705 4754 collegii
718 4683 906 4739 coloniensis.
