3322 5370
393 453 447 524 438
778 451 883 508 Errsr.
903 450 938 506 P.
958 449 1162 519 Narrat-475

351 625 420 692 cita
447 623 483 692 di
510 623 673 702 sonuere,
702 622 876 691 confidato
898 621 955 690 nel
977 619 1126 709 Signore
1153 631 1271 688 nostro
1295 619 1386 690 detta
1405 619 1577 707 benigna

353 741 445 810 della
463 743 504 808 Ρ.
524 741 569 808 V.
886 815 888 823 .

297 855 299 862 '
421 857 453 923 6.
503 857 552 923 Le
572 853 796 934 instruttioni,
819 856 884 922 che
910 852 987 922 dice
1013 853 1046 920 la
1062 853 1102 919 Ρ.
1128 853 1172 920 V.
1196 871 1266 918 non
1286 850 1315 919 si
1335 851 1467 920 rioorda
1486 850 1572 936 quali

354 971 450 1039 siano
467 971 579 1057 quelle
594 972 660 1044 che
674 969 846 1050 dimando‚
864 989 950 1036 sono
965 969 1112 1036 alchune
1126 987 1206 1035 cose
1222 967 1257 1034 di
1272 965 1450 1035 deuotioni
1463 969 1523 1034 che
1532 988 1574 1034 so

355 1090 400 1154 ha
415 1087 496 1155 data
511 1088 543 1154 la
559 1088 599 1154 P.
626 1087 671 1154 V.
693 1087 738 1154 lt:
760 1085 898 1166 sicome,
921 1085 954 1152 la
975 1083 1144 1152 diuisione
1165 1084 1255 1152 delle
1276 1085 1371 1164 hore,
1389 1083 1423 1151 le
1437 1081 1572 1150 instrat·

357 1202 441 1271 tioni
456 1204 500 1270 de
516 1201 677 1269 scacciar'
694 1201 718 1267 li
733 1200 881 1288 pensiori
900 1201 980 1270 nell’
1002 1199 1157 1268 oratione
1176 1209 1205 1280 ²,
1223 1209 1257 1267 et
1276 1199 1374 1267 altre.
1392 1197 1576 1276 Ilsumario

357 1321 421 1385 che
437 1321 482 1384 ha
496 1319 583 1384 fatto
598 1317 631 1383 la
647 1319 687 1384 P.
707 1317 750 1384 V.
770 1337 870 1403 sopra
885 1317 917 1383 le
931 1314 1181 1400 constitutioni,
1199 1314 1320 1402 poiche
1335 1335 1408 1381 non
1424 1335 1506 1380 sono
1516 1335 1573 1380 an-

358 1431 536 1513 notationi,
555 1433 598 1500 ne
619 1431 751 1518 scholij‚
769 1452 840 1498 non
859 1431 936 1498 sard
956 1431 1116 1518 bisognio
1138 1430 1324 1498 mandatio,
1350 1431 1456 1496 Tutte
1474 1429 1578 1514 quelle

358 1569 453 1629 cose,
470 1551 536 1616 che
551 1548 585 1614 io
600 1550 736 1616 haueua
756 1569 816 1634 per
831 1549 854 1614 l’
872 1545 1013 1614 historia
1027 1547 1071 1616 de
1086 1547 1131 1615 N.
1152 1548 1192 1614 P.
1211 1549 1297 1615 Mro.
1317 1545 1462 1632 Ignatio,
1486 1546 1515 1611 le
1534 1547 1579 1610 ho

359 1663 417 1750 gia
434 1663 624 1731 mandateb
645 1664 689 1729 da
704 1662 858 1730 Colonia.
877 1663 943 1730 Del
960 1665 1000 1730 P.
1019 1663 1106 1730 Mro.
1126 1664 1264 1749 Laynez
1279 1683 1349 1728 non
1364 1682 1404 1730 so
1416 1663 1480 1728 che
1494 1658 1578 1727 cisia

360 1789 451 1846 stato
467 1776 585 1845 scritto
601 1778 749 1845 alchuno
768 1776 870 1845 insin'
892 1778 1013 1846 adesso
1037 1779 1059 1844 ¹:
1083 1786 1117 1846 et
1137 1777 1208 1844 cosi
1233 1777 1266 1843 io
1281 1797 1350 1844 non
1372 1778 1396 1843 l'
1420 1779 1476 1844 ho.
1500 1777 1577 1845 Sara

360 1892 556 1982 gratissimo
571 1892 596 1959 il
609 1893 744 1961 fratello
758 1892 871 1960 Gioan
888 1891 1046 1974 Battista,
1064 1913 1102 1959 se
1116 1891 1245 1959 ritorna
1259 1891 1294 1958 in
1309 1889 1499 1960 Germania.

431 2025 463 2092 7.
512 2009 620 2076 Come
640 2011 686 2074 ho
708 2008 826 2074 scritto
847 2009 914 2075 alla
935 2011 975 2075 P.
999 2009 1059 2090 V.,
1083 2007 1118 2075 io
1140 2006 1228 2096 parti
1256 2009 1299 2074 da
1321 2006 1463 2075 Colonia
1485 2007 1507 2072 il
1527 2007 1574 2088 4⁰

361 2125 483 2212 giorno
498 2126 542 2194 de
557 2127 695 2211 pascha,
713 2145 825 2192 venne
846 2145 866 2191 a
881 2123 1110 2205 Confl'uentia,
1129 2135 1163 2192 et
1183 2145 1253 2192 non
1268 2145 1327 2192 era
1341 2124 1445 2191 eletto
1458 2122 1483 2187 il
1496 2121 1571 2188 arci-

362 2261 525 2308 uescouo.
544 2239 646 2327 Dipoi
662 2240 684 2305 l'
703 2242 818 2306 hanno
833 2240 949 2321 eletto,
963 2241 1030 2310 ete
1044 2239 1069 2307 il
1084 2241 1214 2308 decano
1225 2241 1251 2321 '‚
1266 2242 1330 2308 che
1345 2241 1365 2306 ὁ
1380 2239 1404 2305 il
1418 2237 1573 2326 maggior'

364 2357 474 2424 amico
494 2367 530 2424 et
552 2357 683 2425 fautore
705 2358 769 2423 che
788 2355 970 2423 habbiamo
996 2355 1031 2422 in
1056 2365 1145 2423 tutte
1171 2367 1293 2443 queste
1320 2365 1421 2438 terre,
1445 2353 1468 2419 il
1490 2353 1577 2438 quale

365 2482 614 2541 summamente
629 2471 888 2540 desiderauamo
907 2473 971 2538 che
988 2471 1055 2540 susi
1076 2473 1191 2540 eletto.
1216 2474 1330 2541 Penso
1351 2473 1415 2538 che
1437 2471 1459 2535 l'
1484 2469 1576 2536 anda·

361 2609 473 2655 ranno
488 2611 508 2656 a
523 2587 662 2655 visitare
676 2587 700 2652 il
717 2589 758 2654 P.
782 2587 947 2669 Antonio,
964 2597 999 2654 et
1019 2587 1044 2653 il
1060 2587 1101 2655 P.
1121 2588 1308 2670 Hermano,
1325 2585 1361 2653 in
1376 2596 1472 2653 tanto
1486 2583 1534 2651 ch'
1547 2583 1577 2648 io

365 2703 473 2771 saccio
490 2703 514 2768 li
529 2701 688 2770 essamini
708 2712 744 2771 et
758 2703 791 2770 le
810 2702 1029 2783 confessioni,
1048 2706 1112 2770 che
1128 2724 1197 2770 non
1218 2706 1262 2770 ho
1282 2721 1405 2769 ancora
1424 2698 1575 2768 incomin-

366 2818 466 2887 ciato.
486 2820 610 2886 Ionon
625 2837 725 2903 spero
744 2818 890 2904 parlari,
908 2819 1033 2904 perche
1053 2839 1123 2885 non
1144 2818 1241 2886 verra
1264 2839 1343 2903 qua,
1361 2827 1398 2884 et
1416 2838 1483 2884 non
1501 2813 1573 2880 hab-

350 2915 482 3002 'biamo
497 2955 661 3020 speranza
676 2935 741 3000 che
757 2943 853 3001 tanto
873 2943 986 3020 presto
1002 2934 1096 3020 vogli
1116 2935 1248 3020 parlare
1267 2933 1311 3004 de
1330 2933 1521 3000 fundatione
1537 2929 1574 2994 de

367 3049 529 3136 collegio,
547 3049 590 3115 ne
606 3049 710 3134 possi,
727 3070 788 3136 per
803 3049 1020 3134 occupationi
1035 3049 1169 3135 grandi.
1189 3051 1232 3116 Et
1244 3047 1357 3129 etiam,
1372 3048 1490 3116 stando
1503 3045 1532 3112 io
1545 3043 1573 3109 in

369 3164 476 3231 dubio
491 3185 591 3231 come
610 3167 656 3231 ho
677 3165 721 3232 da
740 3175 881 3232 trattare
900 3165 945 3233 de
965 3164 1167 3245 fundationi,
1191 3165 1239 3231 fin
1258 3147 1322 3232 che
1345 3161 1447 3232 habbi
1469 3161 1576 3228 risolu·

369 3280 462 3349 tione
477 3279 593 3347 chiara
608 3280 697 3347 dalla
713 3282 754 3346 P.
772 3281 831 3361 V.,
849 3279 896 3346 mi
912 3301 993 3367 pare
1009 3284 1074 3350 che
1089 3302 1157 3347 non
1173 3283 1219 3348 ho
1234 3283 1278 3348 da
1293 3284 1426 3348 metter'
1443 3297 1534 3345 mano
1547 3275 1576 3340 in

373 3395 513 3477 nisuna,
540 3415 578 3462 se
597 3396 655 3482 gia
681 3417 750 3463 non
773 3395 840 3462 fusi
863 3417 924 3482 per
947 3396 1108 3483 semplice
1130 3396 1379 3465 informatione.
1405 3397 1499 3464 Altro
1519 3411 1577 3457 non

371 3531 512 3579 occorre
527 3533 587 3597 per
603 3520 735 3597 questa.
755 3511 843 3578 Nelli
864 3511 953 3578 santi
974 3511 1130 3579 sacrificii
1149 3520 1185 3579 et
1206 3511 1350 3580 orationi
1372 3512 1458 3578 della
1479 3511 1514 3576 P.
1538 3507 1574 3572 V.

372 3629 481 3694 molto
497 3627 529 3694 ci
549 3626 852 3709 raccornandiamo‚
872 3638 907 3694 et
923 3626 1126 3696 similmente
1142 3627 1222 3695 delli
1238 3628 1339 3696 Padri
1355 3623 1527 3710 assistenti,
1547 3629 1578 3690 et

371 3743 426 3809 del
450 3745 491 3809 P.
515 3742 676 3822 Polanco,
702 3752 737 3810 et
759 3744 798 3808 P.
823 3743 968 3824 Madrid,
990 3753 1056 3810 etc.
1079 3743 1253 3810 Dominus
1273 3745 1318 3809 sit
1336 3744 1511 3810 notionem.
1531 3739 1578 3804 Da

373 3856 521 3940 Treuiri,
539 3856 596 3924 alli
612 3858 645 3942 xj
664 3859 707 3926 de
728 3855 847 3942 Aprile
867 3858 963 3942 1567.
981 3859 1026 3925 D.
1041 3859 1085 3926 V.
1105 3860 1146 3926 P.
1165 3879 1265 3926 seruo
1281 3881 1324 3928 en
1340 3859 1418 3940 X.⁰,

1177 3975 1199 4064 †
1222 3977 1363 4152 Nupta.
1389 3973 1413 4062 †

429 4240 445 4273 ⁸
474 4243 490 4285 2
502 4231 594 4285 verba
606 4246 690 4303 seqq.
709 4229 821 4287 addidit
833 4229 903 4286 libr.
920 4247 1008 4303 supra
1021 4247 1100 4288 vers.
1111 4231 1155 4276 -b
1166 4243 1183 4287 2
1196 4233 1287 4288 verba
1300 4247 1387 4306 seqq.
1403 4229 1509 4288 addidit
1521 4226 1577 4284 lior.

377 4335 466 4390 supra
479 4335 562 4375 vers.

432 4459 439 4492 ¹
479 4460 554 4516 Vide
567 4459 658 4532 epist.
674 4462 739 4530 462,
752 4479 782 4517 n.
796 4473 824 4532 7;
839 4472 869 4519 et
882 4460 947 4535 473,
960 4480 992 4519 rr.
1010 4475 1041 4519 2.

430 4553 441 4584 ²
478 4551 608 4621 Jacobus
621 4552 659 4605 ab
671 4551 733 4607 Eis.
