<?xml version="1.0" encoding="UTF-8"?>
<!DOCTYPE html PUBLIC "-//W3C//DTD XHTML 1.0 Transitional//EN"
    "http://www.w3.org/TR/xhtml1/DTD/xhtml1-transitional.dtd">
<html xmlns="http://www.w3.org/1999/xhtml" xml:lang="en" lang="en">
 <head>
  <title>
</title>
<meta http-equiv="Content-Type" content="text/html;charset=utf-8" />
  <meta name='ocr-system' content='tesseract 3.04.00' />
  <meta name='ocr-capabilities' content='ocr_page ocr_carea ocr_par ocr_line ocrx_word'/>
</head>
<body>
  <div class='ocr_page' id='page_1' title='image "./epistolaephiero01nadagoog_0055.png"; bbox 0 0 3494 5392; ppageno 0'>
   <div class='ocr_carea' id='block_1_1' title="bbox 404 465 1180 538">
    <p class='ocr_par' dir='ltr' id='par_1_1' title="bbox 404 465 1180 538">
     <span class='ocr_line' id='line_1_1' title="bbox 404 465 1180 538; baseline -0.003 -13"><span class='ocrx_word' id='word_1_1' title='bbox 404 468 439 525; x_wconf 84' lang='lat'>16</span> <span class='ocrx_word' id='word_1_2' title='bbox 794 467 899 522; x_wconf 70' lang='lat' dir='ltr'>Earsr.</span> <span class='ocrx_word' id='word_1_3' title='bbox 919 466 953 521; x_wconf 87' lang='grc' dir='ltr'>Ρ.</span> <span class='ocrx_word' id='word_1_4' title='bbox 974 465 1180 538; x_wconf 75' lang='lat' dir='ltr'>Naum-³56</span> 
     </span>
    </p>
   </div>
   <div class='ocr_carea' id='block_1_2' title="bbox 276 616 1604 4508">
    <p class='ocr_par' dir='ltr' id='par_1_2' title="bbox 362 616 1604 2895">
     <span class='ocr_line' id='line_1_2' title="bbox 367 616 1599 708; baseline 0.003 -20"><span class='ocrx_word' id='word_1_5' title='bbox 367 624 433 692; x_wconf 93' lang='lat' dir='ltr'>che</span> <span class='ocrx_word' id='word_1_6' title='bbox 446 622 480 690; x_wconf 89' lang='lat' dir='ltr'>le</span> <span class='ocrx_word' id='word_1_7' title='bbox 495 621 604 708; x_wconf 89' lang='lat' dir='ltr'>prime</span> <span class='ocrx_word' id='word_1_8' title='bbox 620 620 777 708; x_wconf 86' lang='lat' dir='ltr'>giornate</span> <span class='ocrx_word' id='word_1_9' title='bbox 788 618 817 686; x_wconf 90' lang='lat' dir='ltr'>si</span> <span class='ocrx_word' id='word_1_10' title='bbox 829 617 1005 687; x_wconf 88' lang='lat' dir='ltr'>ritrouaua</span> <span class='ocrx_word' id='word_1_11' title='bbox 1015 616 1039 684; x_wconf 92' lang='lat' dir='ltr'>il</span> <span class='ocrx_word' id='word_1_12' title='bbox 1052 619 1093 686; x_wconf 89' lang='lat' dir='ltr'>P.</span> <span class='ocrx_word' id='word_1_13' title='bbox 1108 619 1230 688; x_wconf 85' lang='lat' dir='ltr'>Natale</span> <span class='ocrx_word' id='word_1_14' title='bbox 1242 618 1487 706; x_wconf 88' lang='lat' dir='ltr'>specialmente</span> <span class='ocrx_word' id='word_1_15' title='bbox 1500 632 1599 692; x_wconf 89' lang='lat' dir='ltr'>tanto</span> 
     </span>
     <span class='ocr_line' id='line_1_3' title="bbox 367 731 1604 824; baseline 0.005 -22"><span class='ocrx_word' id='word_1_16' title='bbox 367 733 556 824; x_wconf 86' lang='lat' dir='ltr'>indisposto</span> <span class='ocrx_word' id='word_1_17' title='bbox 572 745 607 804; x_wconf 90' lang='lat' dir='ltr'>et</span> <span class='ocrx_word' id='word_1_18' title='bbox 623 736 779 815; x_wconf 86' lang='lat' dir='ltr'>stancho,</span> <span class='ocrx_word' id='word_1_19' title='bbox 801 735 866 802; x_wconf 90' lang='lat' dir='ltr'>che</span> <span class='ocrx_word' id='word_1_20' title='bbox 886 731 984 820; x_wconf 87' lang='lat' dir='ltr'>quasi</span> <span class='ocrx_word' id='word_1_21' title='bbox 1003 732 1185 821; x_wconf 87' lang='lat' dir='ltr'>disperaua</span> <span class='ocrx_word' id='word_1_22' title='bbox 1204 734 1354 802; x_wconf 89' lang='lat' dir='ltr'>arriuare</span> <span class='ocrx_word' id='word_1_23' title='bbox 1382 736 1415 803; x_wconf 91' lang='lat' dir='ltr'>al</span> <span class='ocrx_word' id='word_1_24' title='bbox 1438 737 1486 803; x_wconf 92' lang='lat' dir='ltr'>fin</span> <span class='ocrx_word' id='word_1_25' title='bbox 1510 738 1604 808; x_wconf 90' lang='lat' dir='ltr'>della</span> 
     </span>
     <span class='ocr_line' id='line_1_4' title="bbox 367 847 1601 939; baseline 0.004 -20"><span class='ocrx_word' id='word_1_26' title='bbox 367 850 539 939; x_wconf 84' lang='lat' dir='ltr'>giornata,</span> <span class='ocrx_word' id='word_1_27' title='bbox 557 852 590 918; x_wconf 89' lang='lat' dir='ltr'>al</span> <span class='ocrx_word' id='word_1_28' title='bbox 605 871 726 920; x_wconf 88' lang='lat' dir='ltr'>manco</span> <span class='ocrx_word' id='word_1_29' title='bbox 746 847 818 918; x_wconf 88' lang='lat' dir='ltr'>cosi</span> <span class='ocrx_word' id='word_1_30' title='bbox 838 859 965 936; x_wconf 79' lang='lat' dir='ltr'>prest03</span> <span class='ocrx_word' id='word_1_31' title='bbox 987 859 1023 916; x_wconf 91' lang='lat' dir='ltr'>et</span> <span class='ocrx_word' id='word_1_32' title='bbox 1046 859 1176 935; x_wconf 88' lang='lat' dir='ltr'>quanto</span> <span class='ocrx_word' id='word_1_33' title='bbox 1201 849 1261 939; x_wconf 79' lang='lat' dir='ltr'>piri</span> <span class='ocrx_word' id='word_1_34' title='bbox 1284 854 1312 918; x_wconf 87' lang='lat' dir='ltr'>s’</span> <span class='ocrx_word' id='word_1_35' title='bbox 1338 851 1359 918; x_wconf 81' lang='grc' dir='ltr'>ὲ</span> <span class='ocrx_word' id='word_1_36' title='bbox 1381 863 1556 921; x_wconf 86' lang='lat' dir='ltr'>aceostato</span> <span class='ocrx_word' id='word_1_37' title='bbox 1580 877 1601 924; x_wconf 90' lang='lat' dir='ltr'>a</span> 
     </span>
     <span class='ocr_line' id='line_1_5' title="bbox 366 963 1600 1054; baseline 0 -18"><span class='ocrx_word' id='word_1_38' title='bbox 366 967 564 1051; x_wconf 82' lang='lat' dir='ltr'>Germania,</span> <span class='ocrx_word' id='word_1_39' title='bbox 581 987 716 1053; x_wconf 87' lang='lat' dir='ltr'>sempre</span> <span class='ocrx_word' id='word_1_40' title='bbox 730 967 751 1033; x_wconf 77' lang='grc' dir='ltr'>ὁ</span> <span class='ocrx_word' id='word_1_41' title='bbox 766 975 858 1032; x_wconf 86' lang='lat' dir='ltr'>stato</span> <span class='ocrx_word' id='word_1_42' title='bbox 873 963 1001 1052; x_wconf 81' lang='lat' dir='ltr'><strong>meglio</strong></span> <span class='ocrx_word' id='word_1_43' title='bbox 1016 985 1083 1032; x_wconf 91' lang='lat' dir='ltr'>con</span> <span class='ocrx_word' id='word_1_44' title='bbox 1098 965 1132 1032; x_wconf 91' lang='lat' dir='ltr'>la</span> <span class='ocrx_word' id='word_1_45' title='bbox 1147 964 1265 1033; x_wconf 88' lang='lat' dir='ltr'>diuina</span> <span class='ocrx_word' id='word_1_46' title='bbox 1276 965 1405 1054; x_wconf 85' lang='lat' dir='ltr'>gracia,</span> <span class='ocrx_word' id='word_1_47' title='bbox 1422 976 1517 1036; x_wconf 90' lang='lat' dir='ltr'>tanto</span> <span class='ocrx_word' id='word_1_48' title='bbox 1532 971 1600 1036; x_wconf 90' lang='lat' dir='ltr'>che</span> 
     </span>
     <span class='ocr_line' id='line_1_6' title="bbox 367 1080 1599 1170; baseline -0.002 -19"><span class='ocrx_word' id='word_1_49' title='bbox 367 1084 513 1152; x_wconf 88' lang='lat' dir='ltr'>alchune</span> <span class='ocrx_word' id='word_1_50' title='bbox 526 1083 630 1162; x_wconf 87' lang='lat' dir='ltr'>uolte,</span> <span class='ocrx_word' id='word_1_51' title='bbox 643 1084 709 1149; x_wconf 88' lang='lat' dir='ltr'>che</span> <span class='ocrx_word' id='word_1_52' title='bbox 720 1103 741 1148; x_wconf 90' lang='lat' dir='ltr'>a</span> <span class='ocrx_word' id='word_1_53' title='bbox 752 1080 809 1148; x_wconf 91' lang='lat' dir='ltr'>noi</span> <span class='ocrx_word' id='word_1_54' title='bbox 821 1080 897 1148; x_wconf 89' lang='lat' dir='ltr'>altri</span> <span class='ocrx_word' id='word_1_55' title='bbox 910 1090 1053 1148; x_wconf 88' lang='lat' dir='ltr'>toccaua</span> <span class='ocrx_word' id='word_1_56' title='bbox 1068 1081 1186 1148; x_wconf 86' lang='lat' dir='ltr'>andar&#39;</span> <span class='ocrx_word' id='word_1_57' title='bbox 1200 1103 1221 1148; x_wconf 91' lang='lat' dir='ltr'>a</span> <span class='ocrx_word' id='word_1_58' title='bbox 1232 1080 1344 1169; x_wconf 90' lang='lat' dir='ltr'>piede,</span> <span class='ocrx_word' id='word_1_59' title='bbox 1360 1103 1407 1149; x_wconf 91' lang='lat' dir='ltr'>un</span> <span class='ocrx_word' id='word_1_60' title='bbox 1419 1104 1525 1170; x_wconf 90' lang='lat' dir='ltr'>pezzo</span> <span class='ocrx_word' id='word_1_61' title='bbox 1536 1103 1599 1170; x_wconf 88' lang='lat' dir='ltr'>per</span> 
     </span>
     <span class='ocr_line' id='line_1_7' title="bbox 369 1196 1600 1286; baseline 0.002 -23"><span class='ocrx_word' id='word_1_62' title='bbox 369 1217 451 1278; x_wconf 93' lang='lat' dir='ltr'>uno,</span> <span class='ocrx_word' id='word_1_63' title='bbox 469 1219 531 1284; x_wconf 89' lang='lat' dir='ltr'>per</span> <span class='ocrx_word' id='word_1_64' title='bbox 545 1196 686 1283; x_wconf 86' lang='lat' dir='ltr'>rispetto</span> <span class='ocrx_word' id='word_1_65' title='bbox 702 1199 768 1264; x_wconf 90' lang='lat' dir='ltr'>che</span> <span class='ocrx_word' id='word_1_66' title='bbox 782 1196 856 1262; x_wconf 89' lang='lat' dir='ltr'>hor&#39;</span> <span class='ocrx_word' id='word_1_67' title='bbox 879 1216 962 1275; x_wconf 92' lang='lat' dir='ltr'>uno,</span> <span class='ocrx_word' id='word_1_68' title='bbox 984 1197 1059 1262; x_wconf 89' lang='lat' dir='ltr'>hor’</span> <span class='ocrx_word' id='word_1_69' title='bbox 1083 1217 1131 1262; x_wconf 92' lang='lat' dir='ltr'>un</span> <span class='ocrx_word' id='word_1_70' title='bbox 1151 1196 1239 1264; x_wconf 85' lang='lat' dir='ltr'>altro</span> <span class='ocrx_word' id='word_1_71' title='bbox 1259 1196 1340 1265; x_wconf 91' lang='lat' dir='ltr'>delli</span> <span class='ocrx_word' id='word_1_72' title='bbox 1361 1197 1484 1264; x_wconf 90' lang='lat' dir='ltr'>caualli</span> <span class='ocrx_word' id='word_1_73' title='bbox 1502 1199 1600 1286; x_wconf 93' lang='lat' dir='ltr'>zopi-</span> 
     </span>
     <span class='ocr_line' id='line_1_8' title="bbox 367 1309 1599 1399; baseline 0.002 -20"><span class='ocrx_word' id='word_1_74' title='bbox 367 1333 467 1396; x_wconf 89' lang='lat' dir='ltr'>caua,</span> <span class='ocrx_word' id='word_1_75' title='bbox 485 1311 509 1377; x_wconf 90' lang='lat' dir='ltr'>il</span> <span class='ocrx_word' id='word_1_76' title='bbox 526 1313 566 1380; x_wconf 91' lang='grc' dir='ltr'>Ρ.</span> <span class='ocrx_word' id='word_1_77' title='bbox 589 1313 692 1380; x_wconf 89' lang='lat' dir='ltr'>Natal</span> <span class='ocrx_word' id='word_1_78' title='bbox 713 1312 833 1379; x_wconf 84' lang='lat' dir='ltr'>faceua</span> <span class='ocrx_word' id='word_1_79' title='bbox 853 1309 877 1376; x_wconf 92' lang='grc'>11</span> <span class='ocrx_word' id='word_1_80' title='bbox 898 1309 1097 1392; x_wconf 85' lang='lat' dir='ltr'>medesimo,</span> <span class='ocrx_word' id='word_1_81' title='bbox 1121 1333 1203 1398; x_wconf 88' lang='lat' dir='ltr'>pare</span> <span class='ocrx_word' id='word_1_82' title='bbox 1224 1332 1325 1399; x_wconf 84' lang='lat' dir='ltr'>sopra</span> <span class='ocrx_word' id='word_1_83' title='bbox 1346 1311 1461 1398; x_wconf 91' lang='lat' dir='ltr'>quello</span> <span class='ocrx_word' id='word_1_84' title='bbox 1482 1314 1547 1380; x_wconf 91' lang='lat' dir='ltr'>che</span> <span class='ocrx_word' id='word_1_85' title='bbox 1569 1315 1599 1382; x_wconf 90' lang='lat' dir='ltr'>si</span> 
     </span>
     <span class='ocr_line' id='line_1_9' title="bbox 366 1425 1597 1513; baseline 0.005 -19"><span class='ocrx_word' id='word_1_86' title='bbox 366 1426 509 1494; x_wconf 89' lang='lat' dir='ltr'>doueria</span> <span class='ocrx_word' id='word_1_87' title='bbox 525 1429 685 1513; x_wconf 88' lang='lat' dir='ltr'>aspettar’</span> <span class='ocrx_word' id='word_1_88' title='bbox 703 1425 738 1492; x_wconf 89' lang='lat' dir='ltr'>di</span> <span class='ocrx_word' id='word_1_89' title='bbox 754 1446 818 1492; x_wconf 90' lang='lat' dir='ltr'>sua</span> <span class='ocrx_word' id='word_1_90' title='bbox 832 1428 888 1495; x_wconf 74' lang='lat' dir='ltr'>eta</span> <span class='ocrx_word' id='word_1_91' title='bbox 908 1436 943 1493; x_wconf 89' lang='lat' dir='ltr'>et</span> <span class='ocrx_word' id='word_1_92' title='bbox 958 1425 1225 1512; x_wconf 89' lang='lat' dir='ltr'>complessione,</span> <span class='ocrx_word' id='word_1_93' title='bbox 1243 1449 1304 1513; x_wconf 89' lang='lat' dir='ltr'>per</span> <span class='ocrx_word' id='word_1_94' title='bbox 1323 1426 1380 1496; x_wconf 90' lang='lat' dir='ltr'>uie</span> <span class='ocrx_word' id='word_1_95' title='bbox 1400 1427 1597 1512; x_wconf 89' lang='lat' dir='ltr'>difficilime,</span> 
     </span>
     <span class='ocr_line' id='line_1_10' title="bbox 365 1541 1600 1629; baseline 0.001 -19"><span class='ocrx_word' id='word_1_96' title='bbox 365 1553 401 1610; x_wconf 92' lang='lat' dir='ltr'>et</span> <span class='ocrx_word' id='word_1_97' title='bbox 428 1543 474 1610; x_wconf 87' lang='lat' dir='ltr'>tal</span> <span class='ocrx_word' id='word_1_98' title='bbox 501 1543 595 1610; x_wconf 89' lang='lat' dir='ltr'>uolta</span> <span class='ocrx_word' id='word_1_99' title='bbox 615 1541 787 1629; x_wconf 87' lang='lat' dir='ltr'>piouendo</span> <span class='ocrx_word' id='word_1_100' title='bbox 814 1541 1021 1610; x_wconf 82' lang='lat' dir='ltr'>fortemente</span> <span class='ocrx_word' id='word_1_101' title='bbox 1049 1562 1151 1628; x_wconf 91' lang='lat' dir='ltr'>sopra</span> <span class='ocrx_word' id='word_1_102' title='bbox 1173 1541 1206 1607; x_wconf 89' lang='grc'>13</span> <span class='ocrx_word' id='word_1_103' title='bbox 1229 1563 1330 1624; x_wconf 91' lang='lat' dir='ltr'>neue;</span> <span class='ocrx_word' id='word_1_104' title='bbox 1356 1553 1392 1611; x_wconf 90' lang='lat' dir='ltr'>et</span> <span class='ocrx_word' id='word_1_105' title='bbox 1412 1563 1478 1610; x_wconf 93' lang='lat' dir='ltr'>con</span> <span class='ocrx_word' id='word_1_106' title='bbox 1505 1553 1600 1612; x_wconf 89' lang='lat' dir='ltr'>tutto</span> 
     </span>
     <span class='ocr_line' id='line_1_11' title="bbox 368 1657 1600 1744; baseline 0 -18"><span class='ocrx_word' id='word_1_107' title='bbox 368 1667 491 1744; x_wconf 87' lang='lat' dir='ltr'>questo</span> <span class='ocrx_word' id='word_1_108' title='bbox 506 1657 688 1726; x_wconf 88' lang='lat' dir='ltr'>habbiamo</span> <span class='ocrx_word' id='word_1_109' title='bbox 705 1658 790 1726; x_wconf 82' lang='lat' dir='ltr'>iatto</span> <span class='ocrx_word' id='word_1_110' title='bbox 806 1657 1051 1744; x_wconf 86' lang='lat' dir='ltr'>allegremente</span> <span class='ocrx_word' id='word_1_111' title='bbox 1066 1657 1099 1725; x_wconf 87' lang='lat' dir='ltr'>le</span> <span class='ocrx_word' id='word_1_112' title='bbox 1115 1668 1232 1726; x_wconf 88' lang='lat' dir='ltr'>nostre</span> <span class='ocrx_word' id='word_1_113' title='bbox 1248 1657 1406 1744; x_wconf 87' lang='lat' dir='ltr'>giomate</span> <span class='ocrx_word' id='word_1_114' title='bbox 1421 1679 1486 1726; x_wconf 90' lang='lat' dir='ltr'>con</span> <span class='ocrx_word' id='word_1_115' title='bbox 1499 1659 1533 1728; x_wconf 85' lang='lat' dir='ltr'>la</span> <span class='ocrx_word' id='word_1_116' title='bbox 1543 1659 1600 1726; x_wconf 91' lang='lat' dir='ltr'>di-</span> 
     </span>
     <span class='ocr_line' id='line_1_12' title="bbox 365 1770 1598 1862; baseline 0.003 -22"><span class='ocrx_word' id='word_1_117' title='bbox 365 1774 448 1840; x_wconf 90' lang='lat' dir='ltr'>uina</span> <span class='ocrx_word' id='word_1_118' title='bbox 464 1772 591 1862; x_wconf 84' lang='lat' dir='ltr'>gracia,</span> <span class='ocrx_word' id='word_1_119' title='bbox 609 1775 743 1840; x_wconf 76' lang='lat' dir='ltr'>benche</span> <span class='ocrx_word' id='word_1_120' title='bbox 757 1773 906 1840; x_wconf 90' lang='lat' dir='ltr'>alchuna</span> <span class='ocrx_word' id='word_1_121' title='bbox 923 1772 1018 1838; x_wconf 86' lang='lat' dir='ltr'>uolta</span> <span class='ocrx_word' id='word_1_122' title='bbox 1033 1770 1141 1840; x_wconf 89' lang='lat' dir='ltr'>siamo</span> <span class='ocrx_word' id='word_1_123' title='bbox 1153 1771 1233 1840; x_wconf 88' lang='lat' dir='ltr'>stati</span> <span class='ocrx_word' id='word_1_124' title='bbox 1245 1772 1386 1841; x_wconf 86' lang='lat' dir='ltr'>storzati</span> <span class='ocrx_word' id='word_1_125' title='bbox 1397 1797 1417 1841; x_wconf 89' lang='lat' dir='ltr'>a</span> <span class='ocrx_word' id='word_1_126' title='bbox 1428 1776 1598 1861; x_wconf 87' lang='lat' dir='ltr'>romperle</span> 
     </span>
     <span class='ocr_line' id='line_1_13' title="bbox 365 1887 1594 1977; baseline 0.002 -23"><span class='ocrx_word' id='word_1_127' title='bbox 365 1912 426 1976; x_wconf 86' lang='lat' dir='ltr'>per</span> <span class='ocrx_word' id='word_1_128' title='bbox 442 1891 588 1958; x_wconf 89' lang='lat' dir='ltr'>alchune</span> <span class='ocrx_word' id='word_1_129' title='bbox 605 1892 701 1970; x_wconf 91' lang='lat' dir='ltr'>hore,</span> <span class='ocrx_word' id='word_1_130' title='bbox 720 1909 817 1956; x_wconf 87' lang='lat' dir='ltr'>come</span> <span class='ocrx_word' id='word_1_131' title='bbox 832 1888 922 1957; x_wconf 90' lang='lat' dir='ltr'>nelle</span> <span class='ocrx_word' id='word_1_132' title='bbox 937 1897 1128 1976; x_wconf 87' lang='lat' dir='ltr'>montagne</span> <span class='ocrx_word' id='word_1_133' title='bbox 1144 1887 1179 1954; x_wconf 95' lang='lat' dir='ltr'>di</span> <span class='ocrx_word' id='word_1_134' title='bbox 1196 1888 1372 1970; x_wconf 88' lang='lat' dir='ltr'>Fiorenza,</span> <span class='ocrx_word' id='word_1_135' title='bbox 1391 1911 1451 1976; x_wconf 89' lang='lat' dir='ltr'>per</span> <span class='ocrx_word' id='word_1_136' title='bbox 1463 1891 1496 1957; x_wconf 91' lang='lat' dir='ltr'>la</span> <span class='ocrx_word' id='word_1_137' title='bbox 1507 1911 1594 1977; x_wconf 90' lang='lat' dir='ltr'>gran</span> 
     </span>
     <span class='ocr_line' id='line_1_14' title="bbox 366 2002 1591 2093; baseline -0.001 -22"><span class='ocrx_word' id='word_1_138' title='bbox 366 2005 455 2072; x_wconf 81' lang='lat' dir='ltr'>furia</span> <span class='ocrx_word' id='word_1_139' title='bbox 469 2005 514 2072; x_wconf 92' lang='lat' dir='ltr'>de</span> <span class='ocrx_word' id='word_1_140' title='bbox 530 2004 625 2072; x_wconf 89' lang='lat' dir='ltr'>uenti</span> <span class='ocrx_word' id='word_1_141' title='bbox 640 2025 706 2072; x_wconf 88' lang='lat' dir='ltr'>eon</span> <span class='ocrx_word' id='word_1_142' title='bbox 723 2025 825 2085; x_wconf 90' lang='lat' dir='ltr'>neue,</span> <span class='ocrx_word' id='word_1_143' title='bbox 843 2004 939 2072; x_wconf 83' lang='lat' dir='ltr'>sumo</span> <span class='ocrx_word' id='word_1_144' title='bbox 954 2002 1093 2070; x_wconf 86' lang='lat' dir='ltr'>sforzati</span> <span class='ocrx_word' id='word_1_145' title='bbox 1108 2025 1128 2070; x_wconf 91' lang='lat' dir='ltr'>a</span> <span class='ocrx_word' id='word_1_146' title='bbox 1144 2015 1296 2071; x_wconf 86' lang='lat' dir='ltr'>smontar</span> <span class='ocrx_word' id='word_1_147' title='bbox 1311 2007 1386 2073; x_wconf 87' lang='lat' dir='ltr'>suot</span> <span class='ocrx_word' id='word_1_148' title='bbox 1408 2004 1444 2072; x_wconf 92' lang='lat' dir='ltr'>di</span> <span class='ocrx_word' id='word_1_149' title='bbox 1464 2015 1591 2093; x_wconf 88' lang='lat' dir='ltr'>tempo,</span> 
     </span>
     <span class='ocr_line' id='line_1_15' title="bbox 366 2117 1591 2206; baseline -0.002 -15"><span class='ocrx_word' id='word_1_150' title='bbox 366 2132 402 2191; x_wconf 92' lang='lat' dir='ltr'>et</span> <span class='ocrx_word' id='word_1_151' title='bbox 417 2119 533 2189; x_wconf 88' lang='lat' dir='ltr'>auanti</span> <span class='ocrx_word' id='word_1_152' title='bbox 551 2122 585 2187; x_wconf 90' lang='lat' dir='ltr'>d’</span> <span class='ocrx_word' id='word_1_153' title='bbox 603 2118 743 2186; x_wconf 87' lang='lat' dir='ltr'>arriuar&#39;</span> <span class='ocrx_word' id='word_1_154' title='bbox 761 2141 782 2185; x_wconf 89' lang='lat' dir='ltr'>a</span> <span class='ocrx_word' id='word_1_155' title='bbox 797 2121 939 2201; x_wconf 91' lang='lat' dir='ltr'>Trento,</span> <span class='ocrx_word' id='word_1_156' title='bbox 953 2139 1013 2206; x_wconf 90' lang='lat' dir='ltr'>per</span> <span class='ocrx_word' id='word_1_157' title='bbox 1025 2119 1057 2188; x_wconf 87' lang='lat' dir='ltr'>le</span> <span class='ocrx_word' id='word_1_158' title='bbox 1069 2139 1156 2205; x_wconf 88' lang='lat' dir='ltr'>gran</span> <span class='ocrx_word' id='word_1_159' title='bbox 1168 2117 1308 2206; x_wconf 87' lang='lat' dir='ltr'>pioggie</span> <span class='ocrx_word' id='word_1_160' title='bbox 1324 2141 1423 2206; x_wconf 84' lang='lat' dir='ltr'>sopra</span> <span class='ocrx_word' id='word_1_161' title='bbox 1440 2120 1473 2186; x_wconf 88' lang='lat' dir='ltr'>la</span> <span class='ocrx_word' id='word_1_162' title='bbox 1489 2140 1591 2200; x_wconf 89' lang='lat' dir='ltr'>neue,</span> 
     </span>
     <span class='ocr_line' id='line_1_16' title="bbox 364 2233 1593 2320; baseline -0.002 -16"><span class='ocrx_word' id='word_1_163' title='bbox 364 2238 497 2304; x_wconf 76' lang='lat' dir='ltr'>benche</span> <span class='ocrx_word' id='word_1_164' title='bbox 514 2237 550 2301; x_wconf 84' lang='lat' dir='ltr'>fu</span> <span class='ocrx_word' id='word_1_165' title='bbox 565 2236 599 2301; x_wconf 89' lang='lat' dir='ltr'>la</span> <span class='ocrx_word' id='word_1_166' title='bbox 613 2233 778 2320; x_wconf 88' lang='lat' dir='ltr'>principal</span> <span class='ocrx_word' id='word_1_167' title='bbox 791 2254 895 2301; x_wconf 87' lang='lat' dir='ltr'>causa</span> <span class='ocrx_word' id='word_1_168' title='bbox 908 2235 965 2300; x_wconf 91' lang='lat' dir='ltr'>un&#39;</span> <span class='ocrx_word' id='word_1_169' title='bbox 980 2233 1112 2300; x_wconf 86' lang='lat' dir='ltr'>cauallo</span> <span class='ocrx_word' id='word_1_170' title='bbox 1124 2237 1188 2302; x_wconf 88' lang='lat' dir='ltr'>che</span> <span class='ocrx_word' id='word_1_171' title='bbox 1200 2234 1305 2301; x_wconf 88' lang='lat' dir='ltr'>molto</span> <span class='ocrx_word' id='word_1_172' title='bbox 1317 2233 1345 2302; x_wconf 90' lang='lat' dir='ltr'>si</span> <span class='ocrx_word' id='word_1_173' title='bbox 1362 2235 1485 2302; x_wconf 88' lang='lat' dir='ltr'>doleua</span> <span class='ocrx_word' id='word_1_174' title='bbox 1496 2236 1530 2302; x_wconf 88' lang='lat' dir='ltr'>d&#39;</span> <span class='ocrx_word' id='word_1_175' title='bbox 1544 2257 1593 2303; x_wconf 91' lang='lat' dir='ltr'>un</span> 
     </span>
     <span class='ocr_line' id='line_1_17' title="bbox 363 2347 1591 2439; baseline -0.001 -21"><span class='ocrx_word' id='word_1_176' title='bbox 363 2351 474 2439; x_wconf 89' lang='lat' dir='ltr'>piede,</span> <span class='ocrx_word' id='word_1_177' title='bbox 492 2361 526 2417; x_wconf 90' lang='lat' dir='ltr'>et</span> <span class='ocrx_word' id='word_1_178' title='bbox 542 2371 611 2418; x_wconf 90' lang='lat' dir='ltr'>non</span> <span class='ocrx_word' id='word_1_179' title='bbox 628 2349 795 2416; x_wconf 88' lang='lat' dir='ltr'>trouando</span> <span class='ocrx_word' id='word_1_180' title='bbox 812 2348 936 2415; x_wconf 90' lang='lat' dir='ltr'>nisuno</span> <span class='ocrx_word' id='word_1_181' title='bbox 952 2347 996 2414; x_wconf 88' lang='lat' dir='ltr'>da</span> <span class='ocrx_word' id='word_1_182' title='bbox 1008 2357 1157 2429; x_wconf 89' lang='lat' dir='ltr'>uettura,</span> <span class='ocrx_word' id='word_1_183' title='bbox 1171 2347 1392 2418; x_wconf 89' lang='lat' dir='ltr'>dificilmente</span> <span class='ocrx_word' id='word_1_184' title='bbox 1404 2360 1591 2437; x_wconf 90' lang='lat' dir='ltr'>poteuamo</span> 
     </span>
     <span class='ocr_line' id='line_1_18' title="bbox 362 2463 1593 2554; baseline 0.001 -21"><span class='ocrx_word' id='word_1_185' title='bbox 362 2468 491 2554; x_wconf 88' lang='lat' dir='ltr'>passar’</span> <span class='ocrx_word' id='word_1_186' title='bbox 505 2463 621 2533; x_wconf 87' lang='lat' dir='ltr'>auanti</span> <span class='ocrx_word' id='word_1_187' title='bbox 633 2487 653 2532; x_wconf 90' lang='lat' dir='ltr'>a</span> <span class='ocrx_word' id='word_1_188' title='bbox 665 2463 776 2550; x_wconf 87' lang='lat' dir='ltr'>piede,</span> <span class='ocrx_word' id='word_1_189' title='bbox 788 2485 835 2529; x_wconf 94' lang='lat' dir='ltr'>un</span> <span class='ocrx_word' id='word_1_190' title='bbox 848 2484 954 2550; x_wconf 90' lang='lat' dir='ltr'>pezzo</span> <span class='ocrx_word' id='word_1_191' title='bbox 965 2485 1027 2550; x_wconf 88' lang='lat' dir='ltr'>per</span> <span class='ocrx_word' id='word_1_192' title='bbox 1038 2485 1120 2544; x_wconf 90' lang='lat' dir='ltr'>uno,</span> <span class='ocrx_word' id='word_1_193' title='bbox 1130 2484 1192 2550; x_wconf 87' lang='lat' dir='ltr'>per</span> <span class='ocrx_word' id='word_1_194' title='bbox 1203 2467 1308 2532; x_wconf 86' lang='lat' dir='ltr'>esser’</span> <span class='ocrx_word' id='word_1_195' title='bbox 1321 2465 1354 2531; x_wconf 89' lang='lat' dir='ltr'>le</span> <span class='ocrx_word' id='word_1_196' title='bbox 1366 2467 1480 2532; x_wconf 88' lang='lat' dir='ltr'>strade</span> <span class='ocrx_word' id='word_1_197' title='bbox 1491 2465 1593 2553; x_wconf 92' lang='lat' dir='ltr'>piene</span> 
     </span>
     <span class='ocr_line' id='line_1_19' title="bbox 362 2577 1592 2668; baseline 0 -20"><span class='ocrx_word' id='word_1_198' title='bbox 362 2583 396 2648; x_wconf 88' lang='lat' dir='ltr'>d’</span> <span class='ocrx_word' id='word_1_199' title='bbox 421 2602 530 2665; x_wconf 91' lang='lat' dir='ltr'>acqua</span> <span class='ocrx_word' id='word_1_200' title='bbox 557 2589 592 2646; x_wconf 92' lang='lat' dir='ltr'>et</span> <span class='ocrx_word' id='word_1_201' title='bbox 615 2578 650 2645; x_wconf 90' lang='lat' dir='ltr'>di</span> <span class='ocrx_word' id='word_1_202' title='bbox 671 2599 772 2659; x_wconf 89' lang='lat' dir='ltr'>neue,</span> <span class='ocrx_word' id='word_1_203' title='bbox 795 2588 831 2645; x_wconf 88' lang='lat' dir='ltr'>et</span> <span class='ocrx_word' id='word_1_204' title='bbox 852 2588 948 2645; x_wconf 90' lang='lat' dir='ltr'>tanto</span> <span class='ocrx_word' id='word_1_205' title='bbox 969 2577 1027 2664; x_wconf 77' lang='lat' dir='ltr'>piri</span> <span class='ocrx_word' id='word_1_206' title='bbox 1051 2580 1116 2647; x_wconf 89' lang='lat' dir='ltr'>che</span> <span class='ocrx_word' id='word_1_207' title='bbox 1139 2577 1362 2646; x_wconf 87' lang='lat' dir='ltr'>dubitauamo</span> <span class='ocrx_word' id='word_1_208' title='bbox 1385 2583 1452 2650; x_wconf 83' lang='lat' dir='ltr'>che</span> <span class='ocrx_word' id='word_1_209' title='bbox 1473 2602 1592 2668; x_wconf 82' lang='lat' dir='ltr'>sopra-</span> 
     </span>
     <span class='ocr_line' id='line_1_20' title="bbox 362 2691 1591 2783; baseline 0.003 -21"><span class='ocrx_word' id='word_1_210' title='bbox 362 2695 530 2783; x_wconf 85' lang='lat' dir='ltr'>giongese</span> <span class='ocrx_word' id='word_1_211' title='bbox 545 2696 579 2762; x_wconf 90' lang='lat' dir='ltr'>la</span> <span class='ocrx_word' id='word_1_212' title='bbox 593 2705 702 2775; x_wconf 90' lang='lat' dir='ltr'>notte,</span> <span class='ocrx_word' id='word_1_213' title='bbox 718 2692 837 2760; x_wconf 88' lang='lat' dir='ltr'>auanti</span> <span class='ocrx_word' id='word_1_214' title='bbox 851 2695 885 2760; x_wconf 90' lang='lat' dir='ltr'>d’</span> <span class='ocrx_word' id='word_1_215' title='bbox 903 2691 1034 2760; x_wconf 88' lang='lat' dir='ltr'>arriuar</span> <span class='ocrx_word' id='word_1_216' title='bbox 1046 2715 1067 2760; x_wconf 89' lang='lat' dir='ltr'>a</span> <span class='ocrx_word' id='word_1_217' title='bbox 1079 2695 1219 2776; x_wconf 86' lang='lat' dir='ltr'>Trento,</span> <span class='ocrx_word' id='word_1_218' title='bbox 1234 2705 1269 2761; x_wconf 88' lang='lat' dir='ltr'>et</span> <span class='ocrx_word' id='word_1_219' title='bbox 1284 2716 1345 2780; x_wconf 87' lang='lat' dir='ltr'>per</span> <span class='ocrx_word' id='word_1_220' title='bbox 1356 2705 1478 2778; x_wconf 81' lang='lat' dir='ltr'>questo</span> <span class='ocrx_word' id='word_1_221' title='bbox 1490 2695 1523 2763; x_wconf 90' lang='lat' dir='ltr'>la</span> <span class='ocrx_word' id='word_1_222' title='bbox 1534 2717 1591 2766; x_wconf 85' lang='lat' dir='ltr'>se—</span> 
     </span>
     <span class='ocr_line' id='line_1_21' title="bbox 362 2807 1590 2895; baseline -0.001 -17"><span class='ocrx_word' id='word_1_223' title='bbox 362 2811 474 2878; x_wconf 89' lang='lat' dir='ltr'>conda</span> <span class='ocrx_word' id='word_1_224' title='bbox 490 2810 583 2877; x_wconf 91' lang='lat' dir='ltr'>uolta</span> <span class='ocrx_word' id='word_1_225' title='bbox 599 2808 723 2875; x_wconf 84' lang='lat' dir='ltr'>fusimo</span> <span class='ocrx_word' id='word_1_226' title='bbox 738 2808 876 2876; x_wconf 86' lang='lat' dir='ltr'>sforzati</span> <span class='ocrx_word' id='word_1_227' title='bbox 892 2830 913 2875; x_wconf 91' lang='lat' dir='ltr'>a</span> <span class='ocrx_word' id='word_1_228' title='bbox 933 2811 1078 2894; x_wconf 87' lang='lat' dir='ltr'>romper&#39;</span> <span class='ocrx_word' id='word_1_229' title='bbox 1103 2808 1136 2875; x_wconf 89' lang='lat' dir='ltr'>la</span> <span class='ocrx_word' id='word_1_230' title='bbox 1155 2807 1326 2894; x_wconf 88' lang='lat' dir='ltr'>giornata.</span> <span class='ocrx_word' id='word_1_231' title='bbox 1349 2809 1450 2895; x_wconf 89' lang='lat' dir='ltr'>Dipoi</span> <span class='ocrx_word' id='word_1_232' title='bbox 1471 2831 1536 2877; x_wconf 93' lang='lat' dir='ltr'>con</span> <span class='ocrx_word' id='word_1_233' title='bbox 1555 2812 1590 2878; x_wconf 90' lang='lat' dir='ltr'>la</span> 
     </span>
    </p>

    <p class='ocr_par' dir='ltr' id='par_1_3' title="bbox 276 2923 1590 4508">
     <span class='ocr_line' id='line_1_22' title="bbox 320 2923 1590 3014; baseline 0.001 -21"><span class='ocrx_word' id='word_1_234' title='bbox 320 2962 324 2970; x_wconf 91' lang='lat'><strong>·</strong></span> <span class='ocrx_word' id='word_1_235' title='bbox 362 2926 479 2993; x_wconf 87' lang='lat' dir='ltr'>diuina</span> <span class='ocrx_word' id='word_1_236' title='bbox 494 2923 622 3014; x_wconf 87' lang='lat' dir='ltr'>gracia,</span> <span class='ocrx_word' id='word_1_237' title='bbox 641 2933 769 3011; x_wconf 89' lang='lat' dir='ltr'>quanto</span> <span class='ocrx_word' id='word_1_238' title='bbox 785 2923 844 3010; x_wconf 77' lang='lat' dir='ltr'>piri</span> <span class='ocrx_word' id='word_1_239' title='bbox 859 2923 966 2990; x_wconf 88' lang='lat' dir='ltr'>siamo</span> <span class='ocrx_word' id='word_1_240' title='bbox 978 2923 1102 2991; x_wconf 91' lang='lat' dir='ltr'>entrati</span> <span class='ocrx_word' id='word_1_241' title='bbox 1114 2924 1205 2992; x_wconf 90' lang='lat' dir='ltr'>nelle</span> <span class='ocrx_word' id='word_1_242' title='bbox 1217 2923 1297 2991; x_wconf 90' lang='lat' dir='ltr'>neui</span> <span class='ocrx_word' id='word_1_243' title='bbox 1309 2935 1344 2993; x_wconf 92' lang='lat' dir='ltr'>et</span> <span class='ocrx_word' id='word_1_244' title='bbox 1356 2925 1442 2992; x_wconf 83' lang='lat' dir='ltr'>fredi</span> <span class='ocrx_word' id='word_1_245' title='bbox 1453 2926 1488 2991; x_wconf 87' lang='lat' dir='ltr'>d’</span> <span class='ocrx_word' id='word_1_246' title='bbox 1503 2927 1590 2994; x_wconf 86' lang='lat' dir='ltr'>Ala-</span> 
     </span>
     <span class='ocr_line' id='line_1_23' title="bbox 276 3038 1589 3128; baseline 0.002 -20"><span class='ocrx_word' id='word_1_247' title='bbox 276 3039 284 3056; x_wconf 63' lang='lat'>*</span> <span class='ocrx_word' id='word_1_248' title='bbox 361 3063 500 3128; x_wconf 88' lang='lat' dir='ltr'>magna,</span> <span class='ocrx_word' id='word_1_249' title='bbox 518 3050 614 3108; x_wconf 90' lang='lat' dir='ltr'>tanto</span> <span class='ocrx_word' id='word_1_250' title='bbox 629 3039 687 3126; x_wconf 76' lang='lat' dir='ltr'>piri</span> <span class='ocrx_word' id='word_1_251' title='bbox 703 3039 948 3126; x_wconf 87' lang='lat' dir='ltr'>allegramente</span> <span class='ocrx_word' id='word_1_252' title='bbox 970 3038 1152 3106; x_wconf 89' lang='lat' dir='ltr'>habbiamo</span> <span class='ocrx_word' id='word_1_253' title='bbox 1174 3049 1322 3125; x_wconf 88' lang='lat' dir='ltr'>passat0.</span> <span class='ocrx_word' id='word_1_254' title='bbox 1345 3041 1373 3107; x_wconf 91' lang='lat' dir='ltr'>Il</span> <span class='ocrx_word' id='word_1_255' title='bbox 1394 3041 1506 3110; x_wconf 88' lang='lat' dir='ltr'>Padre</span> <span class='ocrx_word' id='word_1_256' title='bbox 1528 3065 1589 3128; x_wconf 90' lang='lat' dir='ltr'>per</span> 
     </span>
     <span class='ocr_line' id='line_1_24' title="bbox 360 3153 1585 3241; baseline 0 -16"><span class='ocrx_word' id='word_1_257' title='bbox 360 3160 393 3225; x_wconf 88' lang='lat' dir='ltr'>la</span> <span class='ocrx_word' id='word_1_258' title='bbox 408 3157 464 3224; x_wconf 90' lang='lat' dir='ltr'>via</span> <span class='ocrx_word' id='word_1_259' title='bbox 478 3158 523 3222; x_wconf 87' lang='lat' dir='ltr'>ha</span> <span class='ocrx_word' id='word_1_260' title='bbox 538 3156 623 3223; x_wconf 92' lang='lat' dir='ltr'>letto</span> <span class='ocrx_word' id='word_1_261' title='bbox 637 3155 763 3240; x_wconf 88' lang='lat' dir='ltr'>cinque</span> <span class='ocrx_word' id='word_1_262' title='bbox 778 3175 799 3220; x_wconf 96' lang='lat' dir='ltr'>o</span> <span class='ocrx_word' id='word_1_263' title='bbox 815 3153 865 3220; x_wconf 89' lang='lat' dir='ltr'>sei</span> <span class='ocrx_word' id='word_1_264' title='bbox 880 3153 969 3241; x_wconf 91' lang='lat' dir='ltr'>libri,</span> <span class='ocrx_word' id='word_1_265' title='bbox 988 3163 1023 3221; x_wconf 89' lang='lat' dir='ltr'>et</span> <span class='ocrx_word' id='word_1_266' title='bbox 1043 3153 1068 3218; x_wconf 92' lang='lat' dir='ltr'>il</span> <span class='ocrx_word' id='word_1_267' title='bbox 1088 3157 1125 3220; x_wconf 91' lang='lat' dir='ltr'>P.</span> <span class='ocrx_word' id='word_1_268' title='bbox 1151 3155 1319 3222; x_wconf 84' lang='lat' dir='ltr'>Ledesma</span> <span class='ocrx_word' id='word_1_269' title='bbox 1337 3155 1476 3222; x_wconf 90' lang='lat' dir='ltr'>alchuni</span> <span class='ocrx_word' id='word_1_270' title='bbox 1496 3155 1585 3225; x_wconf 91' lang='lat' dir='ltr'>altri.</span> 
     </span>
     <span class='ocr_line' id='line_1_25' title="bbox 359 3267 1589 3359; baseline -0.002 -19"><span class='ocrx_word' id='word_1_271' title='bbox 359 3271 504 3359; x_wconf 89' lang='lat' dir='ltr'>Giorgio</span> <span class='ocrx_word' id='word_1_272' title='bbox 523 3273 531 3305; x_wconf 85' lang='lat'>¹</span> <span class='ocrx_word' id='word_1_273' title='bbox 550 3273 594 3337; x_wconf 90' lang='lat' dir='ltr'>ha</span> <span class='ocrx_word' id='word_1_274' title='bbox 610 3273 695 3337; x_wconf 87' lang='lat' dir='ltr'>fatto</span> <span class='ocrx_word' id='word_1_275' title='bbox 716 3269 821 3336; x_wconf 94' lang='lat' dir='ltr'>molto</span> <span class='ocrx_word' id='word_1_276' title='bbox 842 3270 911 3336; x_wconf 92' lang='lat' dir='ltr'>ben</span> <span class='ocrx_word' id='word_1_277' title='bbox 932 3279 966 3334; x_wconf 92' lang='lat' dir='ltr'>et</span> <span class='ocrx_word' id='word_1_278' title='bbox 988 3267 1203 3336; x_wconf 85' lang='lat' dir='ltr'>affatticatosi</span> <span class='ocrx_word' id='word_1_279' title='bbox 1226 3290 1292 3336; x_wconf 92' lang='lat' dir='ltr'>con</span> <span class='ocrx_word' id='word_1_280' title='bbox 1316 3269 1531 3340; x_wconf 88' lang='lat' dir='ltr'>edificatione</span> <span class='ocrx_word' id='word_1_281' title='bbox 1553 3282 1589 3339; x_wconf 89' lang='lat' dir='ltr'>et</span> 
     </span>
     <span class='ocr_line' id='line_1_26' title="bbox 359 3383 1585 3474; baseline 0.002 -20"><span class='ocrx_word' id='word_1_282' title='bbox 359 3388 486 3472; x_wconf 88' lang='lat' dir='ltr'>quiete.</span> <span class='ocrx_word' id='word_1_283' title='bbox 508 3387 628 3453; x_wconf 91' lang='lat' dir='ltr'>loson</span> <span class='ocrx_word' id='word_1_284' title='bbox 650 3395 741 3470; x_wconf 80' lang='lat' dir='ltr'>stato</span> <span class='ocrx_word' id='word_1_285' title='bbox 761 3385 851 3452; x_wconf 90' lang='lat' dir='ltr'>assai</span> <span class='ocrx_word' id='word_1_286' title='bbox 871 3383 1009 3470; x_wconf 87' lang='lat' dir='ltr'>meglio,</span> <span class='ocrx_word' id='word_1_287' title='bbox 1033 3393 1069 3451; x_wconf 89' lang='lat' dir='ltr'>et</span> <span class='ocrx_word' id='word_1_288' title='bbox 1092 3394 1146 3450; x_wconf 89' lang='lat' dir='ltr'>sto</span> <span class='ocrx_word' id='word_1_289' title='bbox 1167 3405 1232 3452; x_wconf 93' lang='lat' dir='ltr'>con</span> <span class='ocrx_word' id='word_1_290' title='bbox 1255 3385 1288 3452; x_wconf 91' lang='lat' dir='ltr'>la</span> <span class='ocrx_word' id='word_1_291' title='bbox 1311 3384 1429 3453; x_wconf 91' lang='lat' dir='ltr'>diuina</span> <span class='ocrx_word' id='word_1_292' title='bbox 1457 3385 1585 3474; x_wconf 83' lang='lat' dir='ltr'>gracia,</span> 
     </span>
     <span class='ocr_line' id='line_1_27' title="bbox 358 3498 1586 3587; baseline 0 -18"><span class='ocrx_word' id='word_1_293' title='bbox 358 3503 491 3571; x_wconf 76' lang='lat' dir='ltr'>benche</span> <span class='ocrx_word' id='word_1_294' title='bbox 507 3520 641 3587; x_wconf 89' lang='lat' dir='ltr'>sempre</span> <span class='ocrx_word' id='word_1_295' title='bbox 657 3500 702 3566; x_wconf 89' lang='lat' dir='ltr'>da</span> <span class='ocrx_word' id='word_1_296' title='bbox 717 3520 816 3586; x_wconf 80' lang='lat' dir='ltr'>pocO,</span> <span class='ocrx_word' id='word_1_297' title='bbox 834 3499 911 3566; x_wconf 88' lang='lat' dir='ltr'>oda</span> <span class='ocrx_word' id='word_1_298' title='bbox 923 3498 1049 3567; x_wconf 88' lang='lat' dir='ltr'>niente.</span> <span class='ocrx_word' id='word_1_299' title='bbox 1067 3501 1135 3565; x_wconf 88' lang='lat' dir='ltr'>Per</span> <span class='ocrx_word' id='word_1_300' title='bbox 1147 3499 1169 3564; x_wconf 86' lang='lat' dir='ltr'>l&#39;</span> <span class='ocrx_word' id='word_1_301' title='bbox 1184 3498 1334 3568; x_wconf 88' lang='lat' dir='ltr'>hosterie</span> <span class='ocrx_word' id='word_1_302' title='bbox 1345 3511 1586 3569; x_wconf 88' lang='lat' dir='ltr'>comunmente</span> 
     </span>
     <span class='ocr_line' id='line_1_28' title="bbox 357 3613 1584 3700; baseline -0.001 -15"><span class='ocrx_word' id='word_1_303' title='bbox 357 3617 390 3686; x_wconf 91' lang='lat' dir='ltr'>ci</span> <span class='ocrx_word' id='word_1_304' title='bbox 405 3620 521 3685; x_wconf 91' lang='lat' dir='ltr'>hanno</span> <span class='ocrx_word' id='word_1_305' title='bbox 536 3617 622 3684; x_wconf 83' lang='lat' dir='ltr'>fatto</span> <span class='ocrx_word' id='word_1_306' title='bbox 637 3618 779 3698; x_wconf 88' lang='lat' dir='ltr'>honore,</span> <span class='ocrx_word' id='word_1_307' title='bbox 797 3625 832 3684; x_wconf 90' lang='lat' dir='ltr'>et</span> <span class='ocrx_word' id='word_1_308' title='bbox 848 3613 1090 3700; x_wconf 88' lang='lat' dir='ltr'>specialmente</span> <span class='ocrx_word' id='word_1_309' title='bbox 1113 3614 1147 3680; x_wconf 93' lang='lat' dir='ltr'>in</span> <span class='ocrx_word' id='word_1_310' title='bbox 1170 3614 1369 3682; x_wconf 85' lang='lat' dir='ltr'>Germania.</span> <span class='ocrx_word' id='word_1_311' title='bbox 1395 3616 1471 3684; x_wconf 92' lang='lat' dir='ltr'>Con</span> <span class='ocrx_word' id='word_1_312' title='bbox 1495 3626 1584 3684; x_wconf 88' lang='lat' dir='ltr'>tutto</span> 
     </span>
     <span class='ocr_line' id='line_1_29' title="bbox 357 3730 1584 3819; baseline -0.002 -17"><span class='ocrx_word' id='word_1_313' title='bbox 357 3734 411 3802; x_wconf 88' lang='grc' dir='ltr'>0ἰό</span> <span class='ocrx_word' id='word_1_314' title='bbox 430 3736 495 3802; x_wconf 87' lang='lat' dir='ltr'>che</span> <span class='ocrx_word' id='word_1_315' title='bbox 514 3731 764 3819; x_wconf 79' lang='lat' dir='ltr'>digiunasemO,</span> <span class='ocrx_word' id='word_1_316' title='bbox 787 3741 822 3798; x_wconf 91' lang='lat' dir='ltr'>et</span> <span class='ocrx_word' id='word_1_317' title='bbox 845 3751 915 3796; x_wconf 91' lang='lat' dir='ltr'>non</span> <span class='ocrx_word' id='word_1_318' title='bbox 935 3750 1134 3798; x_wconf 88' lang='lat' dir='ltr'>cenassemo</span> <span class='ocrx_word' id='word_1_319' title='bbox 1155 3730 1188 3796; x_wconf 97' lang='grc'>13</span> <span class='ocrx_word' id='word_1_320' title='bbox 1209 3751 1296 3812; x_wconf 88' lang='lat' dir='ltr'>sera,</span> <span class='ocrx_word' id='word_1_321' title='bbox 1319 3731 1342 3798; x_wconf 94' lang='grc'>11</span> <span class='ocrx_word' id='word_1_322' title='bbox 1364 3731 1456 3799; x_wconf 91' lang='lat' dir='ltr'>hosti</span> <span class='ocrx_word' id='word_1_323' title='bbox 1479 3754 1584 3800; x_wconf 90' lang='lat' dir='ltr'>erano</span> 
     </span>
     <span class='ocr_line' id='line_1_30' title="bbox 355 3843 1582 3927; baseline -0.001 -11"><span class='ocrx_word' id='word_1_324' title='bbox 355 3849 510 3918; x_wconf 87' lang='lat' dir='ltr'>contenti</span> <span class='ocrx_word' id='word_1_325' title='bbox 522 3858 556 3916; x_wconf 88' lang='lat' dir='ltr'>et</span> <span class='ocrx_word' id='word_1_326' title='bbox 568 3846 730 3927; x_wconf 76' lang='lat' dir='ltr'>edificari,</span> <span class='ocrx_word' id='word_1_327' title='bbox 743 3867 809 3913; x_wconf 92' lang='lat' dir='ltr'>con</span> <span class='ocrx_word' id='word_1_328' title='bbox 825 3846 848 3910; x_wconf 88' lang='lat' dir='ltr'>l&#39;</span> <span class='ocrx_word' id='word_1_329' title='bbox 866 3843 959 3911; x_wconf 88' lang='lat' dir='ltr'>aiuto</span> <span class='ocrx_word' id='word_1_330' title='bbox 974 3843 1104 3926; x_wconf 88' lang='lat' dir='ltr'>diuino,</span> <span class='ocrx_word' id='word_1_331' title='bbox 1123 3855 1158 3912; x_wconf 94' lang='lat' dir='ltr'>et</span> <span class='ocrx_word' id='word_1_332' title='bbox 1169 3847 1243 3912; x_wconf 91' lang='lat' dir='ltr'>solo</span> <span class='ocrx_word' id='word_1_333' title='bbox 1254 3867 1324 3913; x_wconf 92' lang='lat' dir='ltr'>uno</span> <span class='ocrx_word' id='word_1_334' title='bbox 1336 3847 1365 3914; x_wconf 91' lang='lat' dir='ltr'>si</span> <span class='ocrx_word' id='word_1_335' title='bbox 1378 3846 1506 3914; x_wconf 84' lang='grc' dir='ltr'><strong>11110υὸ</strong></span> <span class='ocrx_word' id='word_1_336' title='bbox 1518 3849 1582 3916; x_wconf 91' lang='lat' dir='ltr'>che</span> 
     </span>
     <span class='ocr_line' id='line_1_31' title="bbox 356 3959 1582 4046; baseline 0.002 -16"><span class='ocrx_word' id='word_1_337' title='bbox 356 3985 468 4033; x_wconf 88' lang='lat' dir='ltr'>messo</span> <span class='ocrx_word' id='word_1_338' title='bbox 483 3962 652 4031; x_wconf 88' lang='lat' dir='ltr'>burlando</span> <span class='ocrx_word' id='word_1_339' title='bbox 668 3961 771 4040; x_wconf 89' lang='lat' dir='ltr'>disse,</span> <span class='ocrx_word' id='word_1_340' title='bbox 789 3963 853 4028; x_wconf 89' lang='lat' dir='ltr'>che</span> <span class='ocrx_word' id='word_1_341' title='bbox 871 3970 966 4027; x_wconf 92' lang='lat' dir='ltr'>tanto</span> <span class='ocrx_word' id='word_1_342' title='bbox 983 3959 1180 4046; x_wconf 83' lang='lat' dir='ltr'>pagatiamo</span> <span class='ocrx_word' id='word_1_343' title='bbox 1200 3963 1368 4042; x_wconf 87' lang='lat' dir='ltr'>cenand0,</span> <span class='ocrx_word' id='word_1_344' title='bbox 1391 3985 1412 4029; x_wconf 96' lang='grc'><strong>0</strong></span> <span class='ocrx_word' id='word_1_345' title='bbox 1433 3985 1502 4030; x_wconf 90' lang='lat' dir='ltr'>non</span> <span class='ocrx_word' id='word_1_346' title='bbox 1523 3983 1582 4032; x_wconf 91' lang='lat' dir='ltr'>ce-</span> 
     </span>
     <span class='ocr_line' id='line_1_32' title="bbox 354 4075 1582 4166; baseline -0.002 -20"><span class='ocrx_word' id='word_1_347' title='bbox 354 4081 481 4162; x_wconf 91' lang='lat' dir='ltr'>nando;</span> <span class='ocrx_word' id='word_1_348' title='bbox 500 4101 567 4159; x_wconf 88' lang='lat' dir='ltr'>ma,</span> <span class='ocrx_word' id='word_1_349' title='bbox 587 4099 655 4143; x_wconf 92' lang='lat' dir='ltr'>non</span> <span class='ocrx_word' id='word_1_350' title='bbox 671 4075 717 4142; x_wconf 89' lang='lat' dir='ltr'>mi</span> <span class='ocrx_word' id='word_1_351' title='bbox 732 4075 866 4143; x_wconf 90' lang='lat' dir='ltr'>ricordo</span> <span class='ocrx_word' id='word_1_352' title='bbox 882 4077 984 4157; x_wconf 91' lang='lat' dir='ltr'>doue,</span> <span class='ocrx_word' id='word_1_353' title='bbox 1008 4075 1044 4141; x_wconf 94' lang='lat' dir='ltr'>in</span> <span class='ocrx_word' id='word_1_354' title='bbox 1066 4085 1155 4160; x_wconf 88' lang='lat' dir='ltr'>tutta</span> <span class='ocrx_word' id='word_1_355' title='bbox 1170 4077 1203 4143; x_wconf 91' lang='lat' dir='ltr'>la</span> <span class='ocrx_word' id='word_1_356' title='bbox 1218 4076 1274 4144; x_wconf 89' lang='lat' dir='ltr'>via</span> <span class='ocrx_word' id='word_1_357' title='bbox 1298 4077 1403 4144; x_wconf 89' lang='lat' dir='ltr'>siamo</span> <span class='ocrx_word' id='word_1_358' title='bbox 1423 4077 1503 4144; x_wconf 88' lang='lat' dir='ltr'>stati</span> <span class='ocrx_word' id='word_1_359' title='bbox 1523 4076 1582 4166; x_wconf 76' lang='lat' dir='ltr'>piri</span> 
     </span>
     <span class='ocr_line' id='line_1_33' title="bbox 353 4188 1582 4278; baseline -0.002 -16"><span class='ocrx_word' id='word_1_360' title='bbox 353 4193 539 4263; x_wconf 87' lang='lat' dir='ltr'>acarezzati</span> <span class='ocrx_word' id='word_1_361' title='bbox 562 4196 617 4259; x_wconf 91' lang='lat' dir='ltr'>ch&#39;</span> <span class='ocrx_word' id='word_1_362' title='bbox 639 4191 675 4258; x_wconf 92' lang='lat' dir='ltr'>in</span> <span class='ocrx_word' id='word_1_363' title='bbox 694 4213 774 4258; x_wconf 89' lang='lat' dir='ltr'>casa</span> <span class='ocrx_word' id='word_1_364' title='bbox 795 4213 870 4272; x_wconf 88' lang='lat' dir='ltr'>sua,</span> <span class='ocrx_word' id='word_1_365' title='bbox 896 4193 951 4256; x_wconf 90' lang='lat' dir='ltr'>ch’</span> <span class='ocrx_word' id='word_1_366' title='bbox 976 4211 1034 4258; x_wconf 87' lang='lat' dir='ltr'>era</span> <span class='ocrx_word' id='word_1_367' title='bbox 1050 4188 1138 4258; x_wconf 87' lang='lat' dir='ltr'>assai</span> <span class='ocrx_word' id='word_1_368' title='bbox 1153 4189 1352 4278; x_wconf 85' lang='lat' dir='ltr'>principale,</span> <span class='ocrx_word' id='word_1_369' title='bbox 1371 4203 1501 4278; x_wconf 89' lang='lat' dir='ltr'>quanto</span> <span class='ocrx_word' id='word_1_370' title='bbox 1517 4193 1582 4260; x_wconf 87' lang='lat' dir='ltr'>alla</span> 
     </span>
     <span class='ocr_line' id='line_1_34' title="bbox 352 4305 1582 4393; baseline 0 -17"><span class='ocrx_word' id='word_1_371' title='bbox 352 4321 482 4390; x_wconf 90' lang='lat' dir='ltr'>stanza,</span> <span class='ocrx_word' id='word_1_372' title='bbox 505 4307 591 4387; x_wconf 91' lang='lat' dir='ltr'>letti,</span> <span class='ocrx_word' id='word_1_373' title='bbox 614 4318 681 4373; x_wconf 89' lang='lat' dir='ltr'>etc.</span> <span class='ocrx_word' id='word_1_374' title='bbox 700 4305 895 4392; x_wconf 79' lang='lat' dir='ltr'>imperoche</span> <span class='ocrx_word' id='word_1_375' title='bbox 911 4305 943 4372; x_wconf 91' lang='lat' dir='ltr'>la</span> <span class='ocrx_word' id='word_1_376' title='bbox 959 4327 1022 4373; x_wconf 91' lang='lat' dir='ltr'>sua</span> <span class='ocrx_word' id='word_1_377' title='bbox 1037 4305 1128 4372; x_wconf 90' lang='lat' dir='ltr'>dona</span> <span class='ocrx_word' id='word_1_378' title='bbox 1143 4327 1271 4392; x_wconf 87' lang='lat' dir='ltr'>pareua</span> <span class='ocrx_word' id='word_1_379' title='bbox 1291 4328 1437 4393; x_wconf 83' lang='lat' dir='ltr'>persona</span> <span class='ocrx_word' id='word_1_380' title='bbox 1457 4308 1582 4376; x_wconf 85' lang='lat' dir='ltr'>deuota</span> 
     </span>
     <span class='ocr_line' id='line_1_35' title="bbox 351 4421 1580 4508; baseline 0 -16"><span class='ocrx_word' id='word_1_381' title='bbox 351 4425 431 4494; x_wconf 91' lang='lat' dir='ltr'>delli</span> <span class='ocrx_word' id='word_1_382' title='bbox 451 4423 570 4504; x_wconf 91' lang='lat' dir='ltr'>nostri,</span> <span class='ocrx_word' id='word_1_383' title='bbox 594 4433 628 4489; x_wconf 90' lang='lat' dir='ltr'>et</span> <span class='ocrx_word' id='word_1_384' title='bbox 648 4421 680 4490; x_wconf 89' lang='lat' dir='ltr'>ci</span> <span class='ocrx_word' id='word_1_385' title='bbox 696 4421 787 4490; x_wconf 88' lang='lat' dir='ltr'>disse</span> <span class='ocrx_word' id='word_1_386' title='bbox 802 4424 867 4490; x_wconf 90' lang='lat' dir='ltr'>che</span> <span class='ocrx_word' id='word_1_387' title='bbox 883 4443 952 4488; x_wconf 93' lang='lat' dir='ltr'>non</span> <span class='ocrx_word' id='word_1_388' title='bbox 969 4443 1006 4491; x_wconf 90' lang='lat' dir='ltr'>se</span> <span class='ocrx_word' id='word_1_389' title='bbox 1022 4421 1191 4488; x_wconf 88' lang='lat' dir='ltr'>curasimo</span> <span class='ocrx_word' id='word_1_390' title='bbox 1208 4421 1241 4488; x_wconf 91' lang='lat' dir='ltr'>di</span> <span class='ocrx_word' id='word_1_391' title='bbox 1255 4424 1368 4508; x_wconf 89' lang='lat' dir='ltr'>quello</span> <span class='ocrx_word' id='word_1_392' title='bbox 1381 4427 1446 4494; x_wconf 90' lang='lat' dir='ltr'>che</span> <span class='ocrx_word' id='word_1_393' title='bbox 1458 4423 1580 4493; x_wconf 90' lang='lat' dir='ltr'>diceua</span> 
     </span>
    </p>
   </div>
   <div class='ocr_carea' id='block_1_3' title="bbox 349 4583 547 4596">
    <p class='ocr_par' dir='ltr' id='par_1_4' title="bbox 349 4583 547 4596">
     <span class='ocr_line' id='line_1_36' title="bbox 349 4583 547 4596; baseline -0.015 0"><span class='ocrx_word' id='word_1_394' title='bbox 349 4583 547 4596; x_wconf 75' lang='lat' dir='ltr'>——1———n</span> 
     </span>
    </p>
   </div>
   <div class='ocr_carea' id='block_1_4' title="bbox 401 4670 1218 4746">
    <p class='ocr_par' dir='ltr' id='par_1_5' title="bbox 401 4670 1218 4746">
     <span class='ocr_line' id='line_1_37' title="bbox 401 4670 1218 4746; baseline -0.004 -15"><span class='ocrx_word' id='word_1_395' title='bbox 401 4679 409 4711; x_wconf 88' lang='lat'>¹</span> <span class='ocrx_word' id='word_1_396' title='bbox 447 4673 604 4746; x_wconf 82' lang='lat' dir='ltr'>Georgius,</span> <span class='ocrx_word' id='word_1_397' title='bbox 619 4673 755 4746; x_wconf 89' lang='lat' dir='ltr'>polonus,</span> <span class='ocrx_word' id='word_1_398' title='bbox 768 4670 853 4743; x_wconf 87' lang='lat' dir='ltr'>cujus</span> <span class='ocrx_word' id='word_1_399' title='bbox 865 4687 1030 4743; x_wconf 80' lang='lat' dir='ltr'>cognomen</span> <span class='ocrx_word' id='word_1_400' title='bbox 1040 4674 1218 4745; x_wconf 77' lang='lat' dir='ltr'>ignoramus.</span> 
     </span>
    </p>
   </div>
   <div class='ocr_carea' id='block_1_5' title="bbox 0 0 1752 5392">
    <p class='ocr_par' dir='ltr' id='par_1_6' title="bbox 0 0 1752 5392">
     <span class='ocr_line' id='line_1_38' title="bbox 0 0 1752 5392; baseline 0 7"><span class='ocrx_word' id='word_1_401' title='bbox 0 0 1752 5392; x_wconf 95' lang='lat' dir='ltr'> </span> 
     </span>
    </p>
   </div>
  </div>
 </body>
</html>
