3322 5370
557 515 568 558 1
590 504 719 560 Anum
740 504 808 574 1567

635 652 720 716 m

393 763 434 828 P.
466 762 776 830 HIERONYMUS
801 763 966 832 NADAL

317 866 505 926 SANCTO
529 865 793 926 FRANCISCO
815 869 873 924 DE
897 867 1043 944 BORJA

447 968 620 1028 couounu,
636 969 646 1010 1
662 969 783 1014 nemus
799 958 866 1026 1567
880 960 901 1014 ¹.

11 1105 13 1110 .
84 1068 103 1108 1.
126 1053 230 1108 Turbae
252 1055 287 1108 in
310 1054 413 1108 Frisia
435 1057 542 1109 cantra
565 1053 748 1126 religionem
769 1057 950 1110 concitatae:
969 1057 1109 1111 Andreas
1130 1056 1292 1110 Boccatius

110 1143 235 1197 bbtolem
257 1145 469 1216 congreditur:
490 1144 550 1198 duo
571 1146 692 1197 tantum
710 1160 725 1198 e
741 1145 829 1199 sociis
846 1146 879 1199 in
898 1145 1000 1200 Frisia
1016 1145 1289 1214 relinquuntur.-

107 1245 129 1286 2.
142 1229 310 1287 coloniense
323 1231 486 1305 collegium
499 1251 519 1286 a
537 1231 644 1286 Natali
661 1231 836 1304 inspicitur:
852 1234 960 1305 magui
977 1234 1121 1289 momenti
1136 1238 1195 1306 pro
1212 1250 1289 1287 com·

105 1319 180 1372 nuni
199 1319 274 1374 bauo
294 1320 332 1374 ab
354 1321 419 1390 ipso
441 1319 634 1375 aestimatur:
654 1319 784 1375 breuiter
805 1320 891 1376 illius
908 1322 1036 1376 historia
1051 1321 1289 1395 perstringitur.-

105 1407 300 1462 uniuersitatis
309 1408 343 1461 iu
355 1407 532 1462 Societatem
544 1407 734 1462 animositas:
744 1413 944 1480 augmentum
955 1409 1149 1481 collegii-3.
1166 1409 1200 1465 Ρ.
1213 1407 1289 1464 ere·

105 1496 154 1548 tius
169 1495 244 1550 ὁοηα
260 1513 317 1550 sua
336 1496 480 1551 Societati
496 1497 603 1551 donat:
621 1495 808 1569 professione
827 1497 954 1553 solemni
971 1499 1085 1571 diguus
1101 1503 1248 1554 cernetur:
1267 1517 1288 1552 a

104 1583 196 1638 Natali
217 1585 378 1649 medetur,
401 1590 430 1639 et
450 1587 581 1640 secunda
603 1580 725 1657 collegii
749 1586 927 1642 coloniensis
951 1587 1093 1642 columna
1117 1588 1286 1642 dicitur.-
1398 1577 1415 1596 ²

103 1687 130 1738 4.
146 1672 186 1726 De
199 1672 331 1748 Matthia
342 1673 519 1730 coloniensi:
535 1674 570 1728 ob
585 1673 707 1747 collegii
723 1675 945 1746 inspiramen
961 1677 1054 1731 audet
1066 1675 1189 1732 Natalis
1205 1677 1287 1732 illud

103 1762 267 1829 aconvictu,
280 1763 361 1834 quod
372 1763 414 1817 od
427 1779 490 1817 rem
500 1763 714 1835 pecuniariam
726 1765 849 1833 spectat,
862 1762 1071 1836 sejungere.-
1074 1779 1102 1832 5.
1115 1761 1285 1837 Collegium

104 1865 120 1902 o
127 1849 259 1923 pontfice
272 1852 470 1906 universitati
480 1853 688 1907 commendari
695 1856 841 1924 procurat
851 1851 984 1908 Natalis:
993 1855 1120 1908 summis
1129 1853 1210 1908 illud
1219 1853 1287 1907 lau-

103 1936 177 1990 dibus
187 1938 390 1993 extollit-6.
406 1939 453 1993 De
464 1939 529 1993 suis
540 1939 710 2004 itineribus,
724 1941 760 1995 rte
771 1939 869 2012 globis
881 1940 1050 2011 benedictis,
1063 1945 1117 1996 etc.

135 2053 160 2100 1.
199 2039 297 2124 Jhus.
318 2037 426 2104 Molto
442 2036 528 2104 Rdo.
550 2036 586 2102 in
606 2037 743 2104 Christo
762 2039 801 2104 P.
822 2039 865 2105 N.
885 2040 957 2104 Pax
973 2038 1120 2126 Christi,
1138 2050 1205 2106 etc.
1230 2043 1285 2108 Da

82 2149 237 2234 Magantia
251 2151 347 2219 sciisi
363 2153 429 2218 alla
446 2154 486 2218 P.
505 2154 549 2219 V.
567 2153 599 2218 al
612 2138 871 2240 lunghossDipoi
883 2155 928 2219 ho
939 2153 1057 2220 scritto
1069 2155 1136 2221 due
1148 2155 1241 2222 uolte
1254 2158 1280 2235 *,

80 2275 106 2327 er
122 2263 140 2327 l'
151 2266 264 2336 ultime
282 2289 358 2349 sue,
381 2289 401 2334 a
421 2267 513 2353 quali
534 2267 675 2354 rispose,
692 2288 778 2333 sono
792 2266 835 2334 de
852 2269 872 2334 8
889 2267 923 2334 di
939 2268 1087 2335 Genaro.
1106 2271 1145 2335 In
1161 2281 1282 2354 questa

79 2375 137 2442 diri
150 2381 232 2449 della
246 2381 348 2448 visita
363 2383 407 2452 de
422 2392 544 2467 questo
559 2381 718 2468 collegffi,
736 2391 770 2449 et
786 2381 865 2448 delli
887 2383 994 2450 nostri
1009 2382 1053 2449 de
1074 2383 1216 2450 Phrisia.
1238 2385 1282 2450 Et

79 2493 172 2578 voglio
191 2498 296 2582 prima
314 2497 388 2564 dire
408 2499 452 2564 de
472 2497 500 2564 F
502 2495 593 2563 risia.
616 2495 738 2566 Subito
758 2499 822 2564 che
842 2497 875 2564 io
896 2497 1016 2582 gionse
1036 2517 1120 2581 qua,
1143 2499 1280 2566 mandai

80 2610 122 2670 ni
136 2611 253 2679 buono
268 2612 406 2699 proprio
422 2614 453 2678 al
471 2614 511 2680 P.
531 2611 670 2678 Andree
687 2611 780 2678 frisio
795 2613 820 2693 ³,
834 2611 1026 2678 aceiochbo
1041 2613 1089 2678 lui
1102 2633 1241 2696 venese,
1257 2637 1280 2681 ο

80 2741 116 2793 ase
128 2739 238 2808 questo
252 2750 323 2795 non
340 2739 583 2813 pennettesero
599 2726 622 2792 li
638 2726 784 2814 negotii)
802 2727 956 2794 mandasi
970 2749 1039 2793 vno
1058 2731 1123 2795 che
1144 2728 1281 2814 puotesi

81 2831 260 2910 informarmi
276 2845 320 2912 de
336 2843 419 2929 ogni
436 2864 529 2926 cosa,
547 2854 582 2910 et
597 2844 661 2911 che
678 2843 759 2909 tutti
775 2842 819 2908 mi
835 2841 1023 2910 scriueseru
1039 2842 1276 2924 liberamente,

80 2969 132 3017 non
145 2958 210 3024 solo
224 2959 279 3026 del
294 2968 385 3026 stato
401 2958 489 3026 delle
505 2979 585 3025 cose
599 2957 636 3023 di
650 2959 762 3044 quella
778 2979 892 3044 opera,
906 2979 962 3023 ma
973 2957 1074 3024 etiam
1090 2957 1125 3023 di
1141 2979 1179 3026 se
1190 2963 1274 3044 ogn'

81 3083 131 3132 uno
144 3073 441 3155 particolarmente,
460 3083 495 3140 et
510 3072 747 3158 rispondesero
762 3073 806 3140 ad
821 3069 879 3138 un'
895 3093 1027 3140 essame
1046 3094 1196 3141 comune
1212 3076 1277 3142 che

80 3183 164 3268 nglio
177 3187 206 3254 io
222 3189 319 3256 fare*
335 3188 378 3255 de
394 3208 473 3256 cose
490 3196 690 3274 puramente
705 3185 857 3255 esteriori
867 3197 895 3254 ².
915 3189 1013 3256 Vene
1028 3187 1076 3253 lui
1089 3188 1276 3256 medesimo

77 3311 125 3362 ωτι
135 3301 161 3368 le
175 3303 291 3372 lettere
307 3303 387 3370 delli
403 3303 480 3370 altri
496 3313 531 3370 et
547 3301 717 3371 essamini.
736 3302 853 3382 Cert0,
874 3303 1002 3381 Padre,
1021 3304 1085 3370 che
1106 3305 1276 3371 sentendo

78 3406 101 3476 le
112 3434 177 3486 oose
191 3419 223 3485 di
243 3421 293 3502 li,
312 3441 367 3487 me
390 3441 433 3486 ne
456 3417 632 3484 contristai
652 3416 759 3500 assai,
782 3435 817 3486 et
837 3417 940 3483 hebbi
960 3416 1195 3502 compassione
1219 3417 1276 3483 alli

78 3532 169 3613 nostri,
184 3537 308 3620 perche
323 3535 360 3600 in
375 3544 496 3620 questa
510 3531 730 3601 reuolutione
748 3533 778 3615 ι’,
793 3535 857 3600 che
872 3535 993 3600 testata
1007 3533 1112 3599 molto
1129 3533 1274 3616 grande,

78 3639 154 3712 etiam
168 3647 200 3715 in
214 3649 340 3729 Frisiis,
364 3649 387 3714 li
408 3648 515 3717 nostri
536 3669 623 3716 sono
643 3647 723 3714 stati
746 3647 781 3713 in
806 3647 1032 3734 grandissimo
1055 3646 1215 3733 pericolO,
1240 3659 1276 3714 et

78 3773 140 3825 sono
152 3767 264 3833 venuti
280 3787 301 3832 a
317 3776 439 3849 questo
455 3775 616 3846 estremo,
635 3765 699 3831 che
714 3773 837 3830 stanno
852 3774 865 3806 ‘²
885 3763 1038 3830 conclusi
1059 3762 1094 3828 in
1115 3784 1183 3828 vna
1198 3783 1277 3829 casa

81 3877 135 3892 N·-

137 3889 245 3898 *—

113 3929 280 4004 *Seqeitur
304 3935 334 3988 et
362 3933 472 3986 notizie
500 3929 753 3986 obliteratum-b
773 3930 912 4003 Sequitur
944 3947 1003 3984 non
1033 3929 1277 3985 obliteratum.-

77 4011 264 4076 ⁰Enendaturn
277 4038 294 4075 a
307 4021 378 4076 libr.
396 4037 434 4075 ex
446 4024 614 4076 stauanno.

79 4115 243 4138 x·—

110 4167 116 4198 ⁴
148 4171 187 4225 Ex
207 4174 378 4244 archetypo,
399 4189 416 4226 a
439 4171 574 4244 Jimenez
597 4178 727 4241 exarato,
749 4178 779 4225 et
801 4169 914 4226 Natalis
934 4187 1021 4226 mann
1041 4168 1220 4241 subscripto,
1243 4167 1274 4226 in

74 4248 146 4322 ΕΜ.
158 4259 270 4330 Naue,
283 4261 324 4328 11,
337 4259 447 4334 duplici
460 4260 524 4330 iol„
540 4272 590 4330 177
603 4259 679 4331 (484,
693 4259 773 4330 485).
790 4260 950 4330 Egregium
964 4275 1034 4314 sane
1048 4265 1273 4314 monumentum

72 4336 282 4423 intercepissent,
296 4367 349 4423 pro
361 4351 539 4406 coloniensis
556 4349 675 4419 collegii
694 4348 827 4419 historie,
846 4348 931 4404 nobis
948 4347 1070 4403 exbibet
1086 4347 1120 4402 P.
1140 4347 1269 4404 Natalis.

106 4438 116 4466 ¹
148 4435 238 4502 idest,
249 4439 355 4496 diebus
366 4451 401 4510 24
411 4438 563 4495 Februarii
573 4445 603 4493 et
616 4450 645 4493 11
658 4437 765 4493 Martii.
776 4436 925 4510 Epistoles
935 4436 1012 4508 illes,
1022 4436 1163 4494 Coloniae
1176 4436 1273 4504 datas,

72 4515 142 4578 htbes
154 4529 203 4582 sub
216 4547 266 4584 nn.
284 4530 348 4599 466,
362 4529 416 4598 468
429 4537 459 4584 et
471 4527 536 4598 469.

109 4613 119 4644 ³
153 4615 278 4676 Andreas
291 4619 463 4676 Boccatius.
481 4617 557 4673 Vide
571 4617 661 4690 epist.
678 4615 743 4686 473,
756 4635 790 4673 n.
809 4629 836 4673 1.

111 4699 121 4732 ⁴
152 4703 192 4761 De
203 4707 247 4764 his
257 4708 444 4765 examinibus
453 4706 492 4763 cl.
505 4707 602 4780 Epist.
614 4706 732 4777 Natat,
744 4705 769 4775 1,
777 4717 884 4776 xuvm,
895 4717 978 4775 κως
990 4711 1021 4760 et
1034 4705 1074 4776 11,
1084 4717 1137 4774 527
1147 4711 1177 4760 et
1187 4720 1273 4778 seqq.
