3318 5376
362 503 364 508 -
407 492 460 563 342
790 493 894 548 Errsr.
914 490 948 546 P.
968 488 1169 560 Nion-457

366 648 445 713 Due
460 646 580 714 lettere
592 644 639 711 mi
653 643 783 712 ritrouo
797 644 885 711 (13113
902 645 943 710 P.
961 645 1020 724 V.,
1038 643 1081 710 de
1098 642 1141 708 36
1156 643 1187 708 d'
1210 640 1357 710 Ottobre
1371 649 1407 708 et
1426 659 1448 728 9
1462 637 1497 704 di
1512 639 1580 705 No-

316 781 324 800 *
367 762 520 841 uembre,
538 761 603 828 3113
619 760 710 846 quali
732 758 836 826 habbi
855 781 876 825 a
896 757 1096 844 risponder',
1118 767 1153 824 et
1168 757 1270 825 credo
1289 757 1365 823 sard
1384 774 1472 842 poco
1488 775 1507 819 a
1521 755 1579 820 che

365 876 537 963 n'sponda.
556 877 600 942 Et
616 884 743 962 quanto
758 871 900 960 aquella
914 873 958 940 de
971 873 1025 940 26.
1040 873 1182 940 lntendo
1191 873 1224 939 13
1235 873 1371 939 3313333
1382 870 1470 937 della
1483 872 1521 937 Ρ.
1535 870 1572 935 V.
1647 915 1648 932 .

365 1002 401 1060 et
416 990 604 1060 directione
620 1000 749 1076 quanto
764 990 796 1056 al
812 987 960 1068 visitare,
983 987 1182 1054 confirmata
1201 1007 1261 1074 per
1280 986 1393 1072 quella
1413 985 1457 1053 de
1477 1007 1510 1072 9:
1526 1005 1575 1049 se-

365 1104 502 1194 guitard
516 1106 539 1171 l'
558 1104 676 1172 ordine
691 1125 756 1171 con
772 1105 805 1170 la
819 1101 930 1191 gratia
948 1103 1003 1170 del
1019 1102 1176 1190 Signore,
1199 1111 1234 1170 et
1249 1101 1375 1170 vederd
1396 1101 1439 1166 de
1458 1101 1576 1165 andare

365 1221 444 1308 pian
457 1221 571 1308 piano,
589 1229 624 1288 et
639 1223 756 1286 hauer’
774 1217 953 1306 risguardo
973 1218 1038 1284 3113
1064 1217 1186 1298 sanitd,
1211 1238 1308 1284 corne
1334 1224 1428 1284 tante
1447 1213 1535 1282 volte
1548 1214 1576 1279 13

365 1339 405 1405 Ρ.
425 1339 468 1404 V.
486 1339 533 1403 m'
550 1335 766 1403 ammonisce.
787 1337 902 1404 Penso
916 1333 1065 1401 secondo
1076 1342 1198 1418 questo
1210 1329 1433 1411 trattenermi,
1447 1331 1476 1398 si
1489 1350 1576 1396 come
1648 1411 1649 1422 χ

364 1455 408 1520 V.
428 1452 469 1519 P.
484 1451 530 1517 mi
545 1450 702 1538 significa
721 1471 782 1536 per
808 1450 920 1536 quella
946 1449 990 1516 de
1012 1471 1046 1536 9,
1072 1448 1162 1516 nella
1188 1446 1363 1534 prouincia
1388 1447 1447 1514 del
1467 1447 1576 1513 Rheno

363 1566 463 1634 insin'
492 1567 558 1634 3113
574 1575 700 1634 venuta
716 1565 771 1632 del
787 1586 824 1632 re
844 1564 1025 1645 catholico,
1048 1585 1103 1630 ma
1124 1563 1190 1629 alla
1209 1561 1352 1649 practica
1368 1562 1493 1630 vederd
1512 1583 1576 1625 me-

364 1682 437 1769 glio
459 1681 482 1748 il
503 1681 716 1768 particolare.
745 1681 885 1748 Utinam
907 1679 1036 1766 uenghi
1059 1678 1198 1748 Simone
1224 1687 1380 1765 pruteno,
1402 1680 1458 1744 ch'
1480 1675 1503 1742 il
1522 1697 1577 1744 suo

366 1796 484 1866 venire
499 1796 642 1864 sarebbe
657 1794 772 1863 buona
787 1805 882 1882 parte
896 1794 985 1862 della
999 1816 1062 1860 sua
1081 1793 1203 1876 sanitd,
1220 1804 1255 1862 et
1275 1793 1309 1859 lo
1328 1791 1502 1860 mandarei
1516 1791 1546 1857 io
1559 1813 1575 1855 a
1649 1877 1650 1890 ἵ

366 1915 484 1993 Roma,
503 1933 541 1980 se
551 1893 689 1993 venese,
704 1911 732 1978 si
748 1932 845 1978 corne
860 1911 893 1978 13
909 1913 948 1978 Ρ.
964 1912 1008 1978 V.
1023 1908 1189 1997 significa.
1209 1910 1273 1976 Del
1288 1909 1433 1995 collegio
1448 1907 1484 1975 di
1499 1909 1574 1974 Tre·
1649 1893 1650 1942 ³

366 2027 457 2094 bona
472 2026 531 2114 gie
545 2029 672 2094 1333333
686 2025 775 2093 visto
790 2026 824 2094 la
839 2028 880 2093 P.
899 2029 942 2094 V.
961 2027 1073 2112 quello
1089 2028 1152 2092 che
1167 2028 1213 2092 ho
1235 2025 1353 2092 scritto
1367 2026 1411 2092 da
1432 2022 1571 2109 Dilinga.

366 2143 441 2209 Che
457 2141 561 2228 quelli
576 2139 706 2227 signori
721 2139 756 2206 di
777 2139 922 2209 Bauiera
942 2163 1010 2208 non
1032 2139 1276 2227 impedischino
1296 2151 1377 2224 eto,
1395 2144 1423 2207 s'
1442 2143 1487 2206 ha
1501 2141 1574 2205 satta

363 2257 397 2324 la
411 2255 583 2344 diligenza
597 2255 770 2343 possibile,
788 2257 938 2324 secondo
957 2256 981 2321 li
997 2255 1102 2324 mezzi
1118 2257 1183 2324 che
1204 2257 1247 2323 V.
1267 2257 1307 2322 Ρ.
1326 2255 1403 2324 dice
1422 2265 1452 2339 ⁸,
1470 2253 1574 2322 auanti

365 2375 431 2440 che
447 2373 480 2439 lo
496 2370 655 2438 scriuessi
669 2372 702 2438 la
719 2373 759 2438 P.
778 2373 822 2440 V.
841 2373 921 2438 ΠΡ.
940 2371 1054 2439 Pietro
1071 2374 1165 2439 Phae
1180 2370 1226 2438 mi
1240 2370 1337 2458 piace
1351 2373 1416 2440 che
1430 2373 1464 2440 13
1481 2373 1518 2438 P.
1535 2372 1572 2435 V.
1650 2369 1651 2428 l

365 2485 470 2554 habbi
486 2487 603 2554 scritto
616 2489 680 2552 che
695 2508 765 2553 non
780 2487 815 2553 lo
830 2485 998 2573 tenghino
1009 2508 1069 2572 per
1084 2487 1195 2572 quella
1207 2485 1394 2572 prouincia,
1408 2497 1443 2556 et
1455 2487 1574 2556 benche

366 2602 394 2669 si
411 2612 556 2670 remetta
582 2604 626 2669 V.
646 2604 687 2668 P.
705 2623 726 2668 a
745 2623 800 2670 me
822 2601 858 2666 di
884 2601 1038 2669 lasciarlo
1064 2623 1085 2668 o
1112 2602 1289 2683 rinocarlo,
1318 2613 1353 2670 et
1379 2601 1528 2690 giudichi
1546 2599 1574 2664 io

362 2719 465 2786 esser'
483 2717 686 2798 necessario,
704 2737 802 2785 come
816 2717 893 2783 dieo
909 2738 968 2802 per
983 2719 1043 2783 un'
1059 2718 1156 2801 altra,
1182 2718 1214 2784 al
1234 2717 1380 2805 collegio
1396 2719 1431 2784 d’
1457 2715 1570 2786 Herbi-

361 2830 442 2917 poli,
461 2851 530 2897 non
545 2833 590 2896 ho
607 2831 725 2897 uoluto
747 2836 861 2898 tantan
882 2831 1048 2899 riuocarlo
1062 2854 1124 2918 per
1139 2833 1259 2902 lettera
1273 2833 1353 2900 mia.
1372 2833 1531 2920 Supplico
1544 2832 1570 2896 la
1651 2891 1652 2908 2

362 2947 403 3013 Ρ.
423 2947 467 3014 V.
486 2966 547 3031 per
562 2966 656 3013 amor
672 2947 705 3012 d'
728 2947 823 3014 lddio
843 2947 877 3014 lo
896 2947 1027 3014 riuochi
1047 2970 1108 3035 per
1133 2949 1254 3016 lettera
1273 2969 1336 3016 sua
1355 2949 1504 3029 efficace,
1520 2966 1571 3032 per
1651 2979 1652 2982 ¹

361 3061 552 3148 Herbipoli,
571 3064 635 3128 che
655 3061 746 3148 possi
766 3061 883 3130 venire
902 3065 991 3150 dopo
1007 3064 1039 3130 la
1059 3067 1195 3150 pascha.
1220 3063 1397 3151 Herbipoli
1419 3065 1539 3152 pagare
1551 3061 1572 3126 il

360 3173 485 3242 viatico
512 3176 740 3263 largamente,
763 3187 798 3244 et
824 3176 1053 3259 riuoeandosi,
1075 3200 1143 3246 non
1163 3181 1350 3267 parerebbe
1370 3179 1505 3247 deuersi
1528 3177 1572 3243 in-

361 3289 468 3358 sieme
483 3290 638 3361 31333333
651 3291 754 3359 etiam
778 3291 802 3357 il
818 3294 857 3358 P.
890 3293 1101 3375 Balthasam,
1128 3293 1239 3362 insino
1258 3294 1360 3381 dapoi
1375 3317 1436 3381 per
1459 3297 1571 3362 alchun

364 3415 490 3492 tempo,
508 3407 641 3474 benehe
656 3427 725 3472 non
741 3407 818 3494 paia
832 3411 935 3476 esser'
952 3409 984 3475 13
1000 3409 1204 3476 3333333313.
1223 3411 1267 3477 Et
1282 3421 1404 3496 questo
1420 3419 1542 3496 quanto
1555 3429 1572 3472 a

362 3521 477 3606 quella
492 3521 537 3589 de
554 3523 608 3588 26.

427 3653 460 3702 2.
507 3637 541 3704 A
556 3636 669 3721 quella
681 3637 725 3706 de
735 3660 757 3724 9
769 3659 838 3705 non
853 3641 884 3705 c'
899 3639 918 3705 ὲ
934 3641 998 3708 che
1014 3639 1217 3725 risponder',
1234 3661 1341 3709 senon
1356 3662 1377 3707 a
1392 3641 1504 3727 quello
1514 3641 1569 3705 che

358 3749 393 3816 di
409 3771 511 3818 mano
525 3772 587 3818 sua
603 3749 650 3816 mi
665 3751 860 3822 ricomanda
885 3755 919 3822 13
935 3757 975 3822 P.
991 3756 1050 3837 V.,
1076 3757 1140 3822 che
1166 3756 1223 3822 nel
1250 3756 1372 3822 fundar
1397 3757 1441 3826 de
1456 3751 1566 3839 collegi

293 3887 297 3895 ¹
358 3864 435 3930 miri
450 3865 483 3931 13
498 3865 667 3934 necessit&
680 3867 769 3934 della
783 3869 996 3956 Compagnia
1012 3881 1046 3938 et
1060 3870 1085 3936 li
1108 3870 1236 3940 decreti
1251 3870 1340 3938 della
1357 3871 1411 3938 2.‘
1432 3889 1566 3959 congre·

357 3977 508 4066 gatione.
526 3982 604 4048 Non
620 3981 705 4064 diro,
725 3981 847 4064 Padre,
865 3983 908 4051 de
924 3984 1028 4070 quelli
1043 3985 1177 4073 collegij
1194 3986 1240 4054 de
1251 3985 1404 4054 Morauia
1416 3998 1451 4056 et
1467 3989 1566 4054 Bohe·

358 4092 438 4177 mia,
456 4097 581 4180 perche
596 4097 711 4182 quello
722 4096 758 4162 d'
776 4098 922 4165 Olomuz
937 4098 994 4186 gih
1009 4100 1043 4166 13
1059 4100 1099 4167 Ρ.
1118 4102 1164 4169 V.
1183 4099 1228 4168 mi
1244 4101 1357 4170 scriue
1372 4103 1476 4172 esser’
1498 4119 1568 4168 con-

358 4219 455 4276 tenta
471 4208 506 4275 di
522 4211 602 4295 quel
629 4210 780 4298 negotio.
801 4213 926 4298 Quello
946 4212 981 4280 di
997 4215 1154 4282 Trebona
1178 4217 1284 4284 none
1311 4217 1408 4299 fatto,
1438 4229 1472 4286 et
1493 4229 1569 4283 slaa

361 4329 561 4344 —-——

412 4385 429 4418 ⁸
457 4385 475 4445 7
488 4379 579 4433 verba
592 4395 678 4452 seqq.
696 4379 809 4436 Natalis
822 4396 910 4436 manu
923 4379 1022 4436 addita
1034 4389 1116 4438 sunt.

356 4506 459 4579 Epist.
485 4510 604 4584 Nalad,
626 4513 663 4580 11,
683 4512 791 4585 triplici
808 4513 877 4588 fol,
897 4514 949 4570 166
968 4513 1044 4584 (173,
1064 4527 1125 4585 174,
1150 4519 1226 4588 175).
1244 4517 1389 4576 Nonnulla
1412 4517 1510 4575 addita
1526 4513 1565 4570 vel

355 4595 510 4696 3333331333
532 4599 644 4657 Natalis
667 4601 798 4658 3333313
814 4603 870 4660 hac
892 4604 1016 4676 epistola
1038 4613 1193 4677 apparent,
1217 4613 1250 4662 ut
1272 4607 1390 4680 proprio
1411 4609 1475 4666 loco
1495 4613 1565 4663 notr-

356 4699 467 4743 vimus.
