3482 5386
433 449 488 520 760
866 450 971 530 Eersr.
991 445 1026 503 P.
1046 445 1159 502 Nauna

400 604 444 668 Et
460 597 554 668 haud
569 599 641 666 seio
655 621 700 667 an
716 598 760 665 sit
775 619 899 685 operae
911 597 1057 685 pretium
1075 599 1114 664 P.
1131 597 1175 663 V.
1190 595 1305 662 literas
1317 594 1374 660 hie
1385 605 1566 680 expectare,
1581 595 1610 660 si

399 688 625 757 commoditas
639 687 688 754 illi
704 689 791 755 forte
807 689 849 756 ad
866 709 971 772 aquas
985 686 1060 755 illas
1075 684 1223 751 abeundi
1239 686 1387 752 daretur.
1402 685 1611 770 Quamquam

400 777 483 846 satis'
499 777 665 865 prouideo
692 788 761 842 non
774 776 868 841 illurn
889 797 932 844 ex
953 777 1018 841 hac
1038 772 1208 860 prouintia
1227 773 1453 839 discessurum
1473 771 1532 838 nisi
1550 793 1608 838 ac-

399 877 499 954 cepto
514 887 556 932 ex
576 866 660 931 vrbe
679 886 842 951 responso
860 867 899 932 P.
920 867 978 944 V.‚
1008 883 1095 948 quae
1121 862 1345 948 proculdubio
1361 863 1511 929 consulet
1520 861 1610 927 illius

398 954 547 1038 sanitati,
564 965 602 1020 vt
617 964 736 1040 postea
751 966 924 1038 utcunque
939 973 999 1039 per
1018 951 1083 1018 Dei
1099 950 1244 1038 gratiam
1260 961 1295 1019 et
1305 971 1414 1035 aquae
1429 949 1532 1017 dictae
1545 952 1607 1018 be-

399 1041 559 1112 neficium
573 1043 762 1124 restitutus,
777 1043 926 1125 Christ0‚
948 1039 1024 1122 sibi,
1046 1049 1081 1108 et
1097 1039 1259 1108 Societati
1270 1049 1406 1107 nostrae
1421 1039 1539 1105 diutius
1554 1039 1607 1104 in-

400 1133 529 1207 seruire
544 1153 584 1198 ac
600 1133 760 1217 prodesse
780 1130 927 1218 possit...

526 1223 629 1288 Certe
644 1241 708 1286 nos
723 1220 780 1285 hic
796 1222 884 1288 male
903 1218 1061 1285 audimus
1082 1219 1173 1302 apud
1196 1215 1423 1299 caesarianos,
1445 1217 1533 1284 uelut
1547 1237 1606 1282 no-

401 1321 490 1382 strae
506 1309 728 1396 professionis
743 1308 850 1390 obliti,
868 1328 1027 1375 curemus
1047 1306 1196 1392 publica,
1221 1327 1309 1392 quae
1325 1305 1412 1372 nihil
1430 1307 1472 1372 ad
1490 1317 1607 1371 nosat-

402 1397 544 1468 tineant.
563 1397 601 1466 Si
615 1398 699 1464 forte
714 1409 750 1463 et
765 1397 865 1463 isthic
884 1419 952 1462 non
973 1396 1161 1480 probentur
1182 1394 1322 1462 consilia
1339 1407 1466 1473 nostra,
1482 1393 1610 1480 grauior

401 1487 504 1556 etiam
525 1485 677 1553 conditio
706 1487 803 1553 foret.
834 1487 903 1554 Sed
919 1487 1003 1550 haec
1019 1483 1236 1549 incommoda
1263 1494 1397 1568 tempus
1417 1485 1482 1548 hoc
1499 1482 1607 1547 infelix

400 1574 541 1646 aduehit
552 1594 681 1643 secum.
697 1575 807 1641 Caute
819 1574 917 1638 nobis
929 1573 1101 1658 agendum
1112 1583 1177 1638 est:
1192 1581 1325 1638 tanturn
1338 1593 1382 1638 ne
1394 1571 1535 1656 implicer
1546 1591 1611 1656 ego

401 1675 477 1750 post
493 1663 633 1730 comicia
650 1661 802 1748 negociis
819 1661 976 1747 publicis.
994 1661 1032 1727 ld
1048 1681 1129 1726 vero
1145 1660 1297 1745 pontifici
1309 1659 1499 1745 persuaderi
1516 1659 1607 1726 uelim

401 1751 559 1832 maxime,
579 1751 776 1838 praesertim
793 1771 836 1818 ne
850 1761 985 1835 propter
1000 1769 1105 1814 vnum
1122 1747 1276 1817 Societas
1291 1759 1408 1814 nostra
1424 1746 1535 1833 pergat
1549 1769 1605 1813 au-

402 1842 474 1910 dire
502 1843 605 1922 male,
634 1839 920 1924 quemadmodum
948 1837 1111 1924 scriptum
1138 1847 1191 1905 est
1221 1836 1325 1916 alias,
1355 1847 1390 1905 et
1423 1839 1461 1903 P.
1489 1835 1608 1902 Natalis

401 1931 552 2032 postulat
567 1930 756 2013 suadetque
777 1927 850 1994 lieri
870 1930 1102 1996 uehementer.
1125 1925 1294 1992 Dominus
1316 1925 1352 1990 in
1367 1947 1463 1993 suam
1478 1923 1606 2012 gloriam

403 2039 527 2086 omma.

906 2221 907 2224 ¹
991 2187 1039 2252 IX

726 2317 906 2390 JOANNES
921 2319 1108 2375 ANDREAS
1121 2319 1312 2376 CALIGARI

639 2455 796 2518 JOANNI
832 2457 1068 2504 FRANCISCO
1106 2456 1394 2505 COMMENDONO

796 2571 936 2651 Romae,
959 2585 995 2652 15
1015 2569 1097 2654 Maji
1117 2569 1200 2652 1566
1220 2571 1240 2634 ¹.

446 2699 614 2758 Consilium
628 2703 763 2776 Borgiue
772 2707 800 2758 ct
811 2702 940 2758 Potanci
948 2703 984 2757 ule
991 2703 1206 2775 protestatione
1219 2701 1384 2756 omittenda
1395 2703 1427 2755 iu
1437 2705 1576 2756 conuentu.

477 2817 577 2884 Fatto
589 2829 710 2901 questo
727 2817 844 2884 auanti
860 2839 994 2904 pranso,
1013 2817 1113 2884 andai
1132 2818 1188 2884 dal
1205 2819 1244 2884 P.
1259 2817 1396 2903 Borgia‚
1415 2817 1438 2883 il
1457 2818 1546 2902 quale
1559 2837 1606 2880 ra-

411 2905 516 2992 giond
532 2905 763 2991 longamente,
781 2927 878 2973 corne
898 2905 1176 2972 confirmandomi
1192 2905 1216 2971 il
1232 2907 1416 2974 medesimo
1431 2909 1490 2973 che
1505 2907 1524 2970 l'
1540 2905 1605 2969 altr*

411 2993 496 3060 hieri
513 2995 560 3060 m'
578 2997 712 3063 haueua
728 2997 823 3061 detto
839 2993 862 3060 il
880 2997 919 3061 Ρ.
940 2995 1100 3078 Polanco,
1118 3004 1153 3060 et
1169 2993 1214 3060 mi
1229 2995 1397 3080 aggionse
1413 2996 1446 3061 di
1459 2993 1511 3081 piu
1522 2990 1605 3059 cheil

411 3082 583 3149 cardinale
600 3086 731 3149 Paceco
747 3084 770 3150 li
786 3087 920 3149 haueua
936 3084 1029 3150 detto
1045 3085 1110 3149 che
1125 3085 1168 3150 N.
1188 3085 1224 3151 S.
1244 3085 1379 3150 haueua
1395 3105 1502 3150 mosso
1512 3079 1607 3167 parola

412 3171 447 3237 di
463 3183 586 3256 questo
613 3173 647 3237 in
674 3172 941 3258 congregatione
966 3173 999 3237 d’
1018 3171 1249 3257 Inquisitione;
1278 3184 1313 3238 et
1339 3176 1404 3240 che
1431 3171 1504 3237 tutti
1520 3185 1607 3237 erano

413 3261 493 3327 stati
510 3259 544 3326 di
561 3281 677 3346 parere
693 3263 758 3329 che
770 3282 839 3326 non
855 3261 883 3326 si
899 3259 1034 3327 uenisse
1050 3283 1069 3326 a
1086 3269 1236 3347 protesta
1253 3261 1295 3327 nd
1310 3283 1330 3326 a
1351 3273 1477 3326 rottura
1492 3259 1605 3332 alcuna,

413 3360 448 3415 et
464 3348 760 3435 particolarmente
782 3353 946 3417 PaccecO.
964 3347 1020 3416 Gl’
1032 3348 1107 3415 altri
1120 3348 1153 3433 iij
1166 3350 1256 3417 della
1267 3348 1527 3435 congregatione
1536 3363 1628 3440 sono·

414 3437 531 3517 Trani,
552 3437 631 3505 Pisa
646 3449 680 3505 et
696 3439 867 3505 Gambara
882 3437 936 3504 ch'
952 3440 1019 3503 han
1035 3458 1120 3522 poca
1136 3437 1333 3524 cognitione
1347 3438 1383 3503 di
1403 3447 1516 3522 queste
1529 3451 1602 3500 cose.

416 3529 459 3592 Et
474 3525 520 3591 mi
541 3526 728 3612 soggiunse
750 3529 817 3593 che
833 3529 877 3596 N.
900 3529 937 3595 S.
961 3526 1082 3594 uoleua
1110 3527 1160 3593 far
1181 3527 1241 3593 un’
1258 3527 1341 3592 altra
1365 3521 1606 3616 congregatione

415 3635 516 3701 sopra
532 3615 597 3696 cio;
616 3628 650 3682 et
670 3617 734 3682 che
751 3616 829 3681 tutti
850 3637 953 3684 erano
972 3617 1006 3680 d'
1025 3635 1071 3681 un
1089 3637 1217 3701 parere,
1240 3615 1414 3682 conforme
1435 3637 1455 3682 a
1477 3610 1563 3698 quelli
1576 3608 1602 3670 dt

416 3706 460 3772 V.
476 3705 513 3772 S.
528 3705 624 3770 111.ῐιια
638 3753 645 3784 ,
660 3703 745 3784 cioe,
761 3708 914 3786 Morone,
928 3705 1101 3772 Granuela
1112 3715 1147 3772 et
1160 3706 1321 3771 Pacecco.
1338 3705 1442 3771 Tutto
1454 3693 1606 3787 queston'

416 3795 461 3859 ha
478 3793 687 3858 confermato
702 3814 788 3878 poco
804 3793 901 3878 dapoi
918 3792 941 3857 il
961 3792 1154 3872 secretario,
1172 3792 1206 3859 di
1227 3795 1328 3859 modo
1348 3794 1414 3860 che
1430 3787 1603 3860 comincioa

416 3901 542 4056 ppprpairu
548 3881 797 4056 blprrgqgslpeaqche
810 3884 950 3951 credero
962 3885 1027 3948 che
1041 3880 1193 3950 horamai
1208 3884 1254 3948 ha
1269 3883 1396 3968 spirato
1411 3882 1435 3947 il
1446 3895 1547 3964 tempo
1556 3893 1603 3962 ptr

422 4111 632 4124 -—..-.

472 4173 479 4207 ¹
519 4175 563 4229 Ex
574 4175 766 4248 autographo,
780 4176 810 4231 in
822 4175 887 4232 cod.
899 4174 994 4232 Vatic.
1009 4177 1124 4233 lettere
1133 4177 1169 4232 de
1179 4177 1328 4250 principi,
1338 4190 1381 4246 23,
1392 4175 1442 4231 fol.
1458 4187 1501 4231 102
1510 4189 1534 4226 v.
1548 4161 1607 4222 Vide

418 4275 488 4338 pag.
503 4261 548 4331 66;
566 4261 626 4332 130;
644 4261 705 4333 1313
723 4263 784 4334 1373
799 4273 829 4319 et
844 4263 906 4335 139.

468 4353 481 4386 2
520 4350 566 4407 Ad
579 4369 641 4407 rem
655 4352 856 4408 illustrandam
869 4352 991 4422 faciunt,
1004 4369 1080 4426 quae
1092 4353 1203 4408 Romae
1216 4353 1246 4408 in
1258 4350 1359 4407 codice
1373 4352 1465 4417 XLII,
1474 4351 1514 4416 61,
1525 4340 1605 4400 biblio-

416 4441 520 4496 thecae
530 4441 766 4514 Barberinianac,
779 4442 828 4497 fol.
845 4440 896 4498 123
906 4461 938 4512 v,
947 4443 986 4496 ab
995 4441 1059 4519 ipso
1070 4441 1111 4514 (ni
1122 4441 1258 4512 fallimur)
1269 4441 1387 4496 Andrea
1397 4439 1519 4512 Caligari
1529 4437 1606 4491 notata

416 4529 612 4604 reperiuntur.
636 4531 686 4586 llla
704 4531 752 4586 hic
769 4531 909 4587 exhibere
927 4528 986 4587 non
1005 4531 1059 4586 abs
1077 4548 1109 4586 re
1126 4530 1188 4585 lore
1206 4529 1353 4585 duximus:
1369 4529 1445 4585 uDie
1463 4521 1561 4584 veneris
1574 4513 1607 4569 3·'

415 4617 485 4690 Maji
497 4619 680 4688 15661ll.m¹¹³
693 4621 821 4692 legatus,
832 4638 898 4676 cum
910 4621 1032 4676 haberet
1045 4618 1076 4675 in
1086 4618 1231 4676 mandatis
1241 4636 1257 4674 a
1267 4619 1404 4692 pontifice
1415 4603 1575 4691 protestandi
1584 4608 1607 4655 ‘i
