3414 5374
792 483 896 542 Eoisr.
915 481 950 536 P.
970 478 1171 552 Num-576

935 711 1024 778 520

693 844 735 912 P.
761 839 1069 910 HIERONYMUS
1099 839 1262 910 NADAL

606 973 748 1032 Pom
772 969 1019 1030 ssvERARoo
1043 969 1348 1030 MERCURIANO

766 1108 883 1164 mio.
897 1093 934 1152 30
946 1106 1067 1152 Annos
1082 1106 1149 1164 1575
1162 1095 1184 1153 ¹.

366 1207 472 1280 Patris
484 1221 640 1280 Franoitoi
652 1221 780 1278 Animi
792 1220 1046 1366 adveutulpplbouis
1057 1220 1175 1280 nuntiis
1186 1221 1224 1276 ab
1236 1221 1300 1293 ipso
1308 1220 1436 1292 perlatis
1448 1219 1586 1276 maur

963 1308 1044 1364 talin.

437 1444 460 1532 †
476 1444 583 1512 Molto
599 1443 687 1510 Rdo.
705 1443 746 1508 Ρ.
766 1441 810 1510 N.
828 1440 863 1508 in
884 1439 949 1509 X.⁰
966 1442 1039 1508 Pax
1054 1439 1111 1509 X.¹
1130 1441 1227 1510 Hieri
1242 1439 1400 1527 gionseil
1417 1445 1455 1509 P.
1470 1442 1580 1508 Fran-

367 1580 469 1627 cesco
486 1557 638 1624 Antonio
654 1557 678 1621 ¹.
697 1555 755 1625 Sia
770 1577 831 1643 per
847 1557 869 1621 l'
887 1577 982 1624 amor
998 1557 1054 1624 del
1069 1555 1206 1644 Signor.
1221 1556 1259 1625 L’
1276 1558 1402 1644 Agnus
1416 1556 1490 1636 Dei,
1507 1567 1544 1624 et
1558 1555 1580 1619 il

370 1675 487 1761 regalo
501 1673 590 1740 della
604 1671 808 1740 mermelada
819 1681 1003 1757 portugesa
1018 1673 1038 1738 ὲ
1051 1672 1156 1739 molto
1166 1673 1268 1754 bona,
1283 1683 1318 1741 et
1333 1672 1411 1740 vien
1424 1691 1575 1757 apropo-

370 1788 451 1855 sito.
481 1786 528 1855 Mi
548 1787 567 1854 ὲ
588 1807 675 1874 gran
700 1785 865 1856 refection
891 1785 927 1852 di
953 1785 1070 1872 spirito
1096 1785 1203 1854 sentit
1228 1795 1322 1854 tanto
1338 1786 1426 1856 bone
1439 1806 1526 1852 noue
1540 1793 1574 1852 et

368 1913 474 1984 tante,
488 1923 584 1971 come
596 1900 643 1968 mi
655 1900 766 1970 scriue
779 1902 813 1968 la
825 1903 865 1968 P.
880 1902 924 1968 V.
939 1909 974 1970 et
989 1900 1035 1966 mi
1050 1903 1096 1968 ha
1106 1902 1201 1968 delto
1212 1899 1237 1966 il
1248 1903 1287 1970 P.
1303 1902 1486 1969 Francosoo
1497 1901 1570 1967 An-

368 2018 478 2086 tonio.
511 2018 575 2084 Est
596 2017 766 2082 mirabilis
776 2015 878 2103 Jeous
894 2017 931 2082 in
947 2015 1107 2082 Societalo
1121 2037 1197 2082 sua.
1215 2015 1268 2082 Sit
1281 2015 1466 2082 bendictio
1479 2016 1569 2082 Duo

367 2155 411 2198 ex
430 2133 590 2200 Sociolate
598 2131 671 2217 filii
685 2133 752 2198 sui.
770 2133 807 2197 lo
823 2132 911 2198 beuo
927 2129 1009 2217 ogni
1024 2129 1145 2216 giorno
1160 2151 1247 2216 aqua
1262 2131 1297 2197 di
1307 2131 1399 2213 leno,
1411 2149 1567 2198 masenza

367 2246 470 2326 dieta,
488 2248 532 2314 no
547 2247 632 2313 altra
648 2244 895 2314 obseruatione.
914 2243 1000 2313 Dico
1020 2244 1102 2332 ogni
1122 2245 1157 2312 di
1172 2244 1273 2314 mim
1292 2256 1326 2314 et
1345 2247 1394 2314 fin
1412 2245 1511 2331 quiin
1528 2261 1564 2310 η

368 2361 481 2447 giomi
498 2379 643 2428 conosco
658 2361 749 2428 bona
759 2359 958 2446 disposition
969 2361 1025 2429 nel
1036 2379 1151 2447 corpo.
1165 2362 1273 2447 Spero
1284 2361 1330 2428 mi
1342 2362 1417 2430 sari
1428 2359 1500 2427 vtile
1511 2379 1564 2445 per

367 2475 522 2542 isminuir
538 2477 665 2542 altanto
688 2474 711 2542 il
727 2483 858 2542 catarro
879 2474 973 2544 ο1ι’ὲ
994 2473 1018 2540 il
1037 2475 1085 2540 fin
1100 2476 1179 2542 mio.
1202 2476 1372 2563 llSignor
1396 2475 1560 2563 ¹ogiuttari.

367 2591 445 2658 Non
462 2593 481 2656 ὁ
497 2601 586 2657 stato
601 2590 636 2656 di
652 2589 798 2676 bisogno
813 2590 986 2656 consultat
997 2611 1034 2656 se
1049 2589 1187 2659 andario
1202 2590 1226 2656 il
1243 2592 1283 2658 P.
1297 2593 1482 2660 Francesco
1494 2591 1563 2656 An·

368 2704 462 2772 tonio
478 2727 499 2772 a
514 2707 541 2771 F
543 2703 704 2786 monfort,
723 2705 846 2790 pemho
861 2724 930 2770 non
944 2703 974 2769 si
990 2705 1083 2789 parla
1097 2706 1162 2774 che
1181 2706 1203 2770 l'
1222 2706 1406 2791 Imperator
1423 2703 1516 2772 habbi
1529 2701 1560 2768 di

366 2820 473 2886 andar
492 2820 535 2886 li.
559 2801 588 2886 E
608 2819 727 2886 adesso
743 2839 807 2890 con
824 2819 986 2904 Augusto
1002 2819 1013 2851 ³
1030 2817 1066 2883 in
1084 2817 1244 2900 saxonia,
1265 2830 1301 2888 et
1319 2823 1363 2886 ha
1378 2819 1411 2886 di
1427 2831 1561 2886 tomara

369 2935 493 3020 Praga,
504 2943 538 3001 et
550 2932 624 3001 hasi
635 2931 670 3000 di
682 2955 824 3002 coronat
835 2932 1025 3018 Ridolpho⁴
1039 2933 1121 3000 redi
1135 2933 1282 3003 Boemia.
1296 2935 1396 3004 Della
1406 2935 1559 3002 diatonon

367 3047 396 3116 si
412 3049 506 3134 parla
521 3069 656 3118 ancora.
674 3047 739 3116 Dia
753 3048 777 3116 il
793 3046 920 3134 Signor
934 3047 999 3116 alla
1015 3049 1056 3116 P.
1079 3050 1123 3116 V.
1142 3049 1223 3135 ogni
1239 3061 1422 3137 augmento
1440 3047 1473 3116 di
1489 3045 1559 3114 doni

367 3163 544 3250 spirituali,
562 3174 596 3234 et
618 3163 722 3230 molta
736 3164 858 3243 salute,
876 3173 910 3232 et
926 3164 1030 3250 longa
1044 3185 1065 3230 a
1080 3163 1211 3251 magior
1226 3165 1335 3252 gloria
1349 3165 1384 3232 di
1401 3187 1462 3234 sua
1482 3161 1558 3230 diui-

366 3298 411 3346 na
427 3280 508 3346 Mti.
527 3277 572 3348 Di
595 3279 696 3361 Halo,
713 3277 833 3349 vltimo
855 3277 890 3344 di
906 3277 1026 3363 Aprile
1045 3294 1141 3364 1575.
1154 3281 1200 3346 D.
1219 3282 1260 3347 P.
1279 3281 1323 3348 V.
1340 3301 1441 3348 seruo
1454 3280 1487 3347 in
1505 3275 1558 3346 11.ο

1175 3403 1357 3580 wipo·
1382 3403 1404 3492 †

433 3623 512 3690 Alle
528 3621 671 3693 orationi
691 3633 725 3691 et
745 3621 847 3689 misse
861 3623 949 3691 della
974 3626 1013 3691 Ρ.
1032 3624 1076 3690 V.
1094 3623 1128 3691 di
1144 3645 1247 3694 cuore
1267 3624 1314 3691 mi
1330 3625 1518 3693 ricomando
1532 3631 1561 3690 el

365 3735 402 3806 di
418 3737 519 3804 Padri
535 3736 719 3818 assistenti,
737 3747 770 3810 et
784 3737 978 3819 secretario,
994 3738 1077 3806 etii
1091 3739 1427 3827 Luoouim,oqu21
1441 3739 1561 3825 ringra-
1703 3691 1704 3746 ¹

367 3853 415 3920 tio
430 3853 510 3920 delli
525 3855 650 3940 Agnus
665 3853 743 3920 Dei.

431 3967 614 4052 Inscriptio
628 3969 665 4036 in
678 3969 803 4053 quarto
809 3968 957 4055 pagina,
970 3968 1040 4034 olto
1055 3989 1175 4035 manu:
1190 3968 1213 4057 †
1227 3969 1423 4038 Admodum
1433 3969 1512 4038 Rdo.
1527 3963 1557 4032 in

363 4081 501 4150 Christo
523 4081 616 4149 Patri
639 4084 684 4150 N.
708 4083 748 4148 P.
776 4083 948 4150 Euerardo
965 4082 1189 4168 Memmiana,
1213 4084 1404 4172 praeposito
1424 4077 1558 4172 generali

419 4323 425 4353 ¹
464 4323 507 4376 Ex
520 4321 710 4393 autographo,
722 4319 753 4376 in
772 4319 866 4392 Epist.
881 4319 998 4393 Natal,
1011 4321 1051 4391 11,
1063 4321 1172 4394 duplici
1183 4319 1246 4396 fol,
1261 4321 1315 4380 230
1324 4325 1412 4395 (206).

415 4416 426 4446 ¹
463 4412 509 4466 De
523 4427 560 4466 eo
570 4409 697 4465 diximus
710 4425 806 4482 supra,
820 4425 892 4481 pag.
907 4423 972 4479 402,
985 4408 1051 4481 403.
1069 4409 1119 4468 Cf.
1137 4412 1335 4486 Aemcom,
1353 4413 1408 4471 loc.
1424 4413 1482 4485 oit.¹
1499 4409 1554 4466 doc.

362 4499 615 4660 1V‚5n·iggl·lsms
627 4587 652 4659 1,
666 4587 775 4643 elector
788 4586 943 4646 Saxoniae.

412 4681 425 4712 ⁴
460 4677 640 4748 Rodolphus‚
652 4675 730 4733 filius
743 4675 933 4735 Maximiliuni
945 4677 974 4734 11
990 4678 1130 4737 caesaris.
