3322 5370
397 501 452 575 390
784 501 888 558 Ensr.
909 501 942 557 P.
963 500 1164 572 Nauna-465

361 655 398 722 ni
426 655 490 722 alle
518 675 597 722 cose
627 653 833 738 occurrenti,
862 663 897 721 et
922 655 957 720 d'
975 653 1131 722 intender
1158 654 1245 720 bene
1274 660 1364 719 tutto
1390 651 1409 716 l’
1429 645 1569 718 esser'di
1653 697 1654 702 1

362 772 473 856 quest'
496 790 611 857 opere,
635 763 805 835 auanti'di
827 768 1045 836 conchiuder'
1064 768 1088 836 il
1109 779 1211 852 tutta,
1233 768 1280 834 mi
1294 786 1393 854 parse
1412 762 1566 832 andar'al

361 885 582 953 arciuescouo
603 885 638 951 in
655 885 897 971 Aschemburg
911 887 935 966 ¹,
954 888 1020 954 che
1039 887 1059 952 ὁ
1078 886 1147 953 due
1162 883 1317 971 giomate
1337 881 1372 950 di
1392 901 1475 966 qua,
1491 876 1564 946 etsi

361 1021 461 1087 passa
480 1021 541 1087 per
559 1001 587 1066 F
590 999 816 1067 ranchlordia.
841 1001 867 1066 ll
882 999 1027 1087 disegno
1051 1001 1104 1080 111,
1122 998 1207 1066 darli
1223 997 1390 1086 raggione
1405 998 1438 1063 d'
1456 995 1566 1061 alcune

361 1137 457 1198 cose,
487 1114 685 1183 consultarli
713 1115 813 1197 altre,
843 1126 877 1184 et
905 1114 1185 1203 principalmente
1204 1117 1333 1182 trattar'
1351 1113 1439 1180 della
1454 1111 1564 1177 sunda-

362 1230 455 1300 tione
477 1230 520 1300 de
540 1241 661 1315 questo
681 1228 838 1317 collegio.
862 1231 1055 1298 Andammo
1075 1233 1157 1298 Mr0.
1181 1228 1346 1310 Antonio,
1370 1229 1563 1296 M10.Lam·

362 1347 459 1413 berto
474 1356 509 1411 et
525 1344 570 1412 io.
588 1345 630 1411 Ci
647 1345 750 1412 tratti)
766 1343 1133 1426 humanissimamente‚
1151 1344 1210 1432 piu
1224 1348 1288 1412 che
1300 1343 1367 1412 mai
1382 1345 1427 1410 ha
1443 1352 1571 1408 trattato

362 1458 386 1526 li
402 1459 521 1543 nostri,
543 1460 721 1528 uolendoci
735 1463 853 1528 hauer’
867 1480 1001 1546 sempre
1017 1461 1081 1526 alla
1092 1481 1155 1527 sua
1167 1461 1292 1542 tauola,
1305 1481 1381 1527 sera
1396 1469 1431 1525 et
1442 1457 1568 1536 matina,

361 1575 385 1642 il
401 1578 465 1644 6116
481 1597 550 1641 non
568 1577 688 1642 faceua
705 1574 812 1662 prima
825 1575 908 1642 cosi.
928 1575 1051 1643 Hebbe
1067 1574 1307 1662 specialmente
1318 1595 1383 1641 con
1399 1595 1454 1641 1116
1468 1585 1501 1640 et
1512 1575 1569 1639 co'l

363 1693 403 1758 P.
422 1690 606 1758 Lamberto
622 1690 726 1756 molto
742 1688 896 1756 familiari
911 1689 1162 1757 conuersationi
1179 1700 1213 1757 et
1229 1691 1370 1776 lunghe.
1389 1688 1430 1757 Li
1446 1692 1489 1755 ho
1501 1709 1572 1774 pro-

361 1816 461 1891 posto
476 1806 598 1873 alcune
614 1819 705 1886 cose,
723 1805 756 1871 la
771 1804 827 1872 cui
843 1805 987 1892 risposta
1002 1805 1078 1872 sarai
1093 1826 1158 1872 con
1173 1815 1306 1890 questa,
1324 1815 1358 1872 et
1373 1805 1486 1890 quello
1499 1801 1570 1870 delli

361 1919 480 2000 ollarii,
495 1941 514 1986 e
527 1922 591 1988 che
605 1919 701 2000 sacci,
716 1941 812 1986 corne
824 1919 847 1986 il
860 1919 1029 1987 cardinale
1040 1921 1073 1987 d'
1088 1921 1250 2006 Augusta
1264 1920 1289 2004 ¹,
1308 1942 1375 1987 vna
1386 1919 1522 2006 pignata
1532 1919 1568 1984 de

360 2045 532 2102 menestra
546 2035 579 2101 la
592 2033 731 2114 matina,
746 2045 780 2101 et
792 2057 838 2100 vn
851 2035 935 2102 altra
947 2035 979 2103 la
991 2057 1077 2116 sera,
1093 2037 1157 2103 che
1169 2035 1256 2102 basti
1268 2056 1331 2120 per
1342 2034 1569 2104 tratenimento

364 2152 407 2218 de
423 2159 534 2218 trenta
549 2170 570 2215 ο
586 2159 751 2234 quaranta
773 2149 917 2216 scholari
941 2149 1070 2236 poueri‚
1089 2149 1113 2216 il
1133 2152 1196 2219 che
1219 2171 1319 2236 spero
1344 2150 1435 2231 fara,
1452 2159 1487 2217 et
1504 2152 1568 2214 sara

362 2287 430 2331 vna
446 2264 551 2331 molto
566 2265 670 2331 buon'
688 2249 801 2350 opera.
818 2267 866 2333 Le
882 2265 966 2332 altre
982 2286 1061 2334 cose
1076 2267 1200 2340 uedera
1216 2267 1248 2332 la
1261 2268 1301 2331 Ρ.
1317 2268 1361 2334 V.
1375 2287 1437 2352 per
1447 2267 1479 2332 la
1490 2264 1566 2332 lista:

328 2455 330 2462 y
362 2401 468 2465 penso
485 2401 554 2447 non
570 2401 664 2447 esser
679 2378 714 2445 di
729 2378 888 2467 bisognio
902 2380 1120 2468 espositione.
1135 2382 1276 2466 Quanto
1293 2383 1323 2448 al
1340 2380 1480 2467 negotio
1494 2379 1570 2446 della

362 2493 576 2577 fundatione,
603 2496 639 2560 111
664 2494 780 2561 uario:
806 2493 853 2561 lui
878 2495 1005 2562 mostrd
1027 2517 1162 2583 sempre
1182 2497 1285 2562 molto
1307 2497 1400 2562 buon
1421 2494 1569 2562 animodi

363 2610 543 2676 sundarlo:
570 2608 642 2677 dise
665 2612 781 2676 hauer'
800 2609 856 2696 gia
880 2631 926 2676 vn
950 2611 1153 2679 monasterio
1173 2612 1325 2679 desolato
1346 2612 1389 2679 de
1405 2612 1568 2691 monache,

363 2723 544 2809 designato
566 2744 626 2809 per
650 2735 782 2810 questo,
807 2746 862 2792 ma
888 2729 1042 2792 chonon
1062 2747 1189 2812 sapeua
1211 2745 1335 2794 ancora
1362 2739 1489 2812 quanto
1511 2727 1572 2811 ρττὸ

366 2838 490 2906 ualere.
509 2838 680 2906 Dimandd
696 2839 719 2905 11
739 2841 841 2906 modo
856 2840 900 2909 de
920 2841 1085 2910 fundare:
1102 2841 1127 2908 li
1146 2841 1275 2909 desimo
1291 2843 1403 2928 quello
1419 2841 1454 2908 di
1469 2840 1567 2928 Spita:

361 2954 492 3020 mostrd
507 2952 726 3021 contentarsi:
744 2966 778 3021 et
794 2957 938 3024 essendo
953 2955 987 3021 in
1005 2956 1115 3042 questi
1131 2957 1272 3044 negotii,
1290 2979 1376 3026 vene
1391 2961 1448 3026 vn’
1465 2959 1568 3026 amba-

364 3067 510 3136 sciatore
525 3069 605 3136 dell’
622 3068 825 3155 imperatore
848 3093 908 3156 per
929 3082 1032 3139 conto
1048 3073 1135 3139 della
1150 3072 1240 3140 dieta
1255 3073 1297 3140 de
1313 3073 1526 3154 Rastisbona3
1541 3083 1572 3138 et

366 3185 528 3251 hauendo
548 3185 583 3251 di
605 3187 685 3251 star’
704 3197 870 3271 occupato
891 3186 1027 3254 alchuni
1048 3187 1159 3274 giorni
1186 3188 1330 3269 conlui,
1348 3187 1574 3257 rimandasimo

366 3297 402 3363 in
425 3299 604 3385 Mogontia
624 3299 648 3366 il
672 3301 712 3366 P.
737 3301 900 3382 Antonio,
923 3323 983 3388 per
999 3305 1130 3370 metter'
1149 3303 1184 3369 in
1204 3303 1443 3390 essequutione
1465 3305 1573 3371 alcuna

366 3434 444 3481 cose
467 3417 532 3483 6116
559 3417 588 3482 s'
605 3437 708 3483 erano
734 3415 903 3498 ordinate,
929 3417 1073 3486 dicendo
1096 3419 1203 3504 prima
1230 3419 1253 3485 il
1281 3423 1389 3506 parer'
1407 3442 1471 3486 suo
1496 3419 1573 3486 eirca

366 3539 456 3595 tutto
472 3529 496 3595 il
516 3530 655 3617 negotio
676 3532 739 3597 che
760 3541 930 3599 restauaa
953 3533 1113 3602 trattarsi.
1134 3529 1264 3600 Partito
1287 3536 1310 3600 l'
1328 3534 1572 3611 ambasciatore,

366 3643 546 3712 strinsemo
567 3646 636 3726 noi,
655 3657 783 3730 quanto
804 3647 832 3712 si
852 3648 967 3734 ρττοῒὲ,
985 3647 1008 3714 11
1024 3649 1174 3735 negotio;
1192 3663 1227 3716 et
1249 3651 1282 3717 la
1303 3650 1498 3718 risolutione
1518 3651 1574 3715 che

367 3768 529 3844 puotemo
556 3762 711 3829 11111161’ὲ
738 3773 874 3846 questa,
896 3761 1160 3850 congiongendo
1179 3765 1260 3851 ogni
1281 3787 1374 3832 cosa.
1398 3767 1472 3835 Che
1493 3787 1512 3832 a
1531 3762 1571 3830 lui

367 3873 476 3941 1101111
492 3897 572 3960 pare
588 3876 788 3943 d'hauer'a
813 3878 882 3945 lare
905 3878 1049 3946 alchuna
1073 3879 1281 3966 obligatione
1307 3881 1350 3948 nd
1373 3879 1571 3960 fundatione,

367 4011 469 4056 senza
485 3991 668 4058 consultar'
684 3990 791 4078 prima
802 3992 824 4058 il
837 3993 993 4080 capitolo:
1012 4004 1046 4062 et
1062 3993 1096 4061 in
1113 4006 1234 4080 questo
1249 3996 1280 4062 ci
1296 3995 1470 4084 stringeua
1484 4018 1503 4061 a
1517 3995 1574 4061 che

367 4104 390 4169 li
413 4104 544 4172 dasimo
567 4105 708 4188 credito,
727 4108 852 4194 perche
875 4107 922 4174 lui
945 4129 1072 4194 sapeua
1086 4113 1151 4178 che
1167 4109 1285 4180 faeeua
1301 4112 1425 4198 meglio
1441 4133 1498 4198 per
1512 4108 1573 4186 noi,

367 4230 403 4288 et
429 4222 492 4288 che
520 4220 549 4288 si
577 4221 624 4288 lui
646 4224 758 4292 facese
779 4224 922 4308 qualche
942 4245 1022 4292 cosa
1047 4246 1150 4294 senza
1170 4225 1193 4292 il
1215 4226 1377 4313 capitolo,
1400 4229 1470 4313 ipso
1489 4227 1578 4314 sacto

368 4347 489 4420 questo
510 4339 654 4405 sarebbe
675 4349 792 4406 nostro
812 4339 981 4407 contrario
1001 4351 1036 4408 et
1051 4363 1115 4409 suo
1135 4341 1168 4409 in
1192 4343 1294 4428 quell'
1312 4363 1424 4429 opera.
1443 4341 1484 4410 Ci
1498 4340 1577 4407 ssor-

366 4451 493 4520 zasimo
507 4443 621 4520 tamen
644 4477 665 4520 a
687 4476 806 4542 sapere
827 4457 848 4520 l’
866 4456 1054 4525 intentione
1070 4479 1150 4526 sua:
1169 4458 1216 4525 lui
1234 4459 1362 4526 mostrd
1378 4461 1490 4528 uolere
1504 4459 1576 4524 dare

371 4565 656 4688 ΕΤ1111-61-11ρ111,
670 4632 738 4688 pag.
757 4615 822 4685 367.

419 4703 431 4736 '
467 4699 540 4759 Otto
551 4705 715 4761 Truchsess
728 4705 766 4760 de
784 4705 958 4778 Waldburg.
