3318 5376
386 499 438 558 316
770 500 877 556 Errsr.
898 499 933 554 P.
956 497 1158 569 Ninon-453

344 652 483 721 offerire
493 663 509 696 ²
519 653 551 719 al
567 654 663 720 Rm0.
684 674 745 739 per
760 652 971 740 predicatore
987 653 1043 721 del
1058 654 1168 720 ducca
1179 651 1214 718 di
1231 649 1432 719 Bransuich:
1457 661 1501 720 et
1519 649 1602 718 cosi

324 789 327 794 ’
348 768 396 834 mi
411 790 520 856 parse,
539 767 574 834 in
590 779 711 853 questo
728 769 869 838 mezzob
880 771 944 836 che
956 768 979 834 il
995 767 1197 835 cancellario
1211 765 1383 833 ritornaua
1395 765 1429 832 in
1449 765 1603 834 Herbi-

347 883 429 971 poli,
449 883 556 950 uenir’
574 906 658 970 qua,
675 883 917 970 specialmente
937 906 998 972 per
1017 884 1143 954 uedere
1163 905 1201 952 se
1222 891 1394 968 puoteuoe
1409 881 1599 968 impedit:

346 999 461 1084 quella
475 998 647 1080 missione,
665 1001 698 1066 la
714 1001 813 1086 quale
828 999 861 1066 al
883 1021 965 1068 uero
985 1021 1055 1066 non
1075 997 1122 1064 mi
1143 998 1301 1084 piaeque,
1319 998 1408 1065 della
1427 999 1550 1082 quale
1576 1021 1598 1064 a

345 1137 401 1182 me
418 1136 486 1180 non
502 1117 548 1180 m’
566 1117 746 1182 haueuano
756 1114 772 1158 ‘¹
782 1113 901 1182 scritto
914 1115 1040 1184 niente.
1055 1115 1189 1200 Questo
1204 1116 1249 1180 ho
1264 1116 1358 1180 detto
1373 1112 1498 1180 insiuo
1512 1113 1593 1198 qui,

348 1253 409 1316 per
424 1231 485 1296 dar
502 1229 666 1316 raggione
682 1231 757 1298 aV.
777 1233 818 1296 P.
833 1232 888 1298 del
904 1229 973 1297 mio
997 1228 1148 1316 viaggio,
1167 1227 1408 1314 speciaimente
1420 1231 1566 1314 perche
1580 1238 1595 1270 ⁶

348 1345 482 1432 puotria
497 1349 602 1413 esser’
620 1349 684 1413 che
704 1347 736 1412 ia
754 1345 933 1413 settimana
954 1348 1017 1411 che
1039 1343 1139 1412 uiene
1160 1366 1228 1411 non
1250 1356 1409 1429 puotesse
1430 1345 1593 1412 scriuer'

347 1461 462 1546 quello
481 1463 545 1530 che
565 1461 719 1529 desidero
740 1461 774 1528 di
794 1459 934 1548 Dilinga
956 1471 991 1526 et
1011 1459 1206 1548 Herbipoli‚
1225 1470 1260 1527 et
1276 1459 1436 1546 aspettasi
1454 1482 1479 1526 a
1498 1461 1594 1527 scri-

348 1577 443 1644 uerlo
458 1577 481 1641 1’
500 1577 585 1642 altra
600 1577 782 1643 settimana
797 1578 840 1643 da
856 1577 966 1663 Spita.
985 1577 1069 1646 Dird
1086 1581 1200 1643 tamen
1215 1577 1259 1644 de
1275 1586 1394 1661 questa
1410 1575 1592 1642 missione

345 1690 391 1758 de
405 1693 505 1757 Miro
523 1691 648 1772 Pietro,
662 1683 806 1776 la'quale
818 1692 853 1758 in
866 1692 989 1760 nisuna
1000 1691 1150 1760 maniera
1162 1693 1191 1758 s'
1205 1693 1249 1757 ha
1261 1701 1380 1776 potuto
1393 1690 1587 1777 impedire,

347 1806 493 1874 essendo
514 1807 546 1873 la
562 1827 641 1872 cosa
656 1817 792 1892 passata
808 1817 903 1873 tanto
921 1807 1054 1888 auanti,
1072 1817 1106 1875 et
1123 1828 1188 1873 con
1206 1816 1327 1890 questo
1347 1805 1521 1892 principe.
1543 1807 1586 1873 L'

346 1923 496 1987 hauemo
512 1925 625 1986 tamen
641 1923 814 1988 moderata
830 1922 865 1988 in
881 1933 1002 2008 questo
1023 1923 1135 1988 modo:
1159 1924 1223 1987 che
1242 1920 1265 1986 il
1286 1920 1437 2007 principe
1459 1919 1585 1988 seriua

345 2037 380 2102 al
395 2038 484 2104 duca
500 2039 564 2104 che
579 2050 701 2122 questo
716 2039 781 2103 che
796 2036 825 2104 si
841 2038 964 2105 manda
979 2059 1048 2104 non
1065 2037 1186 2106 ddeila
1203 2036 1426 2122 Compagnia,
1441 2057 1504 2102 ma
1517 2037 1582 2102 de-

344 2150 459 2218 sidera
474 2173 577 2233 esser3
596 2163 632 2218 et
643 2150 671 2218 si
687 2153 810 2221 manda
822 2152 858 2218 in
869 2153 1068 2239 probatione
1079 2175 1139 2238 per
1151 2162 1272 2237 questo
1284 2151 1364 2232 fine,
1378 2163 1413 2218 et
1424 2153 1495 2219 che
1508 2173 1583 2217 non

346 2265 376 2333 si
392 2268 514 2332 manda
530 2287 635 2333 senon
652 2288 713 2352 per
727 2266 839 2334 insino
851 2289 871 2333 a
883 2269 971 2352 dopo
984 2268 1016 2336 la
1029 2270 1165 2355 pascha,
1180 2279 1214 2335 et
1227 2269 1290 2334 che
1303 2268 1358 2333 ail'
1372 2269 1456 2332 hora
1469 2266 1581 2332 ritor-

348 2380 453 2447 nida]
469 2403 531 2448 suo
553 2381 759 2467 prouinciale
779 2404 801 2448 o
822 2405 904 2450 uero
924 2383 968 2450 da
988 2405 1054 2451 me.
1085 2382 1301 2449 Habbiamoli
1323 2382 1407 2449 satta
1431 2403 1502 2448 vna
1525 2380 1580 2446 in-

347 2495 549 2578 struttione,
573 2498 653 2582 qual
668 2497 699 2564 ci
715 2521 840 2584 pareua
860 2498 1057 2566 conuenire.
1076 2498 1140 2566 Lui
1156 2500 1201 2564 ha
1216 2499 1309 2564 buon
1325 2498 1456 2578 animo,
1481 2508 1519 2566 et
1543 2494 1576 2560 io

346 2632 448 2697 spero
463 2613 519 2678 nel
536 2611 682 2708 Signore
698 2615 762 2681 che
775 2614 846 2680 fara
858 2615 957 2682 bene.

415 2745 447 2793 2.
495 2727 617 2814 Voino
632 2730 745 2809 etiam,
763 2731 885 2808 Padre,
905 2728 976 2795 dire
993 2750 1061 2795 una
1076 2750 1156 2796 cosa
1167 2731 1231 2796 che
1247 2731 1291 2793 m'
1307 2730 1350 2794 ha
1361 2729 1440 2794 dato
1453 2737 1574 2794 naua*

345 2841 417 2928 glio
433 2841 532 2923 assai,
551 2865 612 2928 per
627 2843 848 2929 persuadirmi
864 2845 921 2910 ch'
935 2843 1078 2930 importa
1093 2854 1339 2912 summamente
1355 2863 1415 2928 per
1426 2841 1449 2908 il
1463 2845 1572 2909 srutto

344 2959 410 3024 che
422 2978 485 3023 con
503 2958 534 3023 la
549 2958 665 3024 diuina
682 2958 790 3044 gratia
807 2958 835 3025 si
852 2960 919 3044 pud
935 2959 1006 3026 fare
1022 2959 1057 3024 in
1074 2959 1289 3046 Alamagnia.
1303 2960 1340 3024 Io
1351 2956 1523 3026 consulrai
1535 2957 1570 3022 in

346 3075 508 3158 Augusta
524 3073 590 3138 co'l
608 3076 647 3139 P.
667 3075 833 3140 Ledesma
849 3086 883 3142 et
901 3075 940 3140 P.
959 3073 1109 3155 Canisio,
1127 3097 1187 3160 per
1203 3085 1296 3140 certe
1311 3075 1424 3159 parole
1439 3075 1506 3140 che
1522 3072 1567 3138 mi

344 3187 420 3255 dise
442 3187 465 3253 il
485 3209 571 3275 papa
591 3189 656 3256 alia
676 3189 814 3274 partita,
838 3209 874 3256 se
896 3199 1102 3275 puoteuarno
1125 3189 1181 3254 noi
1202 3189 1365 3256 assoluer’
1382 3187 1406 3253 li
1426 3186 1568 3256 heretici

344 3303 544 3389 simpliciter
561 3305 598 3368 in
608 3304 695 3392 foro
710 3306 933 3370 conscientiae
947 3306 1023 3369 sine
1038 3303 1272 3382 adiuratorio
1289 3315 1323 3372 et
1339 3305 1508 3370 trouando
1519 3325 1567 3374 ¹vn

343 3418 445 3484 uiuae
460 3419 552 3484 uocis
568 3421 705 3485 oraculo
721 3421 763 3488 de
780 3419 843 3486 Pio
859 3423 913 3504 4⁰
929 3421 1009 3486 dato
1022 3421 1055 3487 al
1066 3419 1236 3487 cardinale
1248 3417 1491 3499 alessandrino,
1506 3420 1568 3484 che

345 3534 467 3601 adesso
483 3535 503 3600 ὲ
519 3555 618 3620 papa,
638 3539 701 3602 che
718 3535 908 3620 puotesimo
925 3536 1086 3602 assoluer’
1105 3535 1143 3599 in
1156 3535 1210 3599 liis
1223 3533 1423 3621 regionibus
1433 3534 1476 3599 de
1490 3530 1566 3600 tutti

344 3647 368 3713 li
384 3648 453 3715 casi
469 3649 633 3717 reseruati
651 3652 688 3715 in
701 3671 802 3716 coeno
817 3653 978 3732 Domini,
997 3650 1171 3718 risolsemo
1191 3652 1256 3718 che
1276 3660 1505 3735 puoteuam03
1532 3657 1565 3715 et

344 3767 459 3829 tamen
480 3763 513 3830 io
532 3765 611 3832 dete
630 3765 748 3833 ordine
767 3769 831 3832 che
853 3763 1092 3832 ricercasenof
1113 3765 1146 3832 la
1165 3763 1404 3851 abgiuratione
1425 3765 1463 3829 in
1480 3765 1565 3854 foro

342 3880 508 3944 exteriori
520 3901 634 3944 corum
647 3881 775 3945 duobus
786 3901 803 3944 e
815 3882 953 3961 nostrie,
966 3891 1000 3948 et
1012 3903 1080 3946 non
1093 3878 1295 3966 puotendosi
1308 3889 1428 3964 questo
1439 3882 1563 3946 hauere

344 3993 390 4059 da
408 3993 492 4075 loro,
512 3995 560 4080 gli
584 3995 734 4063 facesero
758 3996 828 4061 fare
852 3996 887 4061 in
910 3995 1123 4063 confessione
1148 3995 1171 4059 l'
1190 3993 1438 4081 abgiuratione.
1463 3990 1561 4080 Dipoi

345 4108 558 4194 partendomi
574 4109 607 4176 io
622 4111 709 4176 della
725 4109 902 4196 prouincia
922 4112 956 4176 d'
971 4111 1161 4196 Alamagna
1182 4113 1227 4176 ho
1251 4119 1373 4195 saputo
1390 4107 1425 4174 in
1443 4107 1563 4176 Herbi-

345 4223 473 4310 polida
489 4227 590 4291 Mtro.
610 4225 759 4306 Canisi0,
777 4229 841 4295 che
857 4225 905 4293 lui
925 4225 1031 4293 scrise
1047 4249 1067 4293 a
1083 4227 1126 4294 V.
1146 4228 1186 4293 P.
1204 4225 1392 4292 dubitando
1413 4247 1450 4292 se
1470 4223 1493 4290 li
1510 4243 1561 4290 ro·

398 4447 414 4480 ι
442 4437 507 4492 Hoc
520 4439 605 4494 verb.
623 4438 742 4494 Polanci
756 4455 843 4494 manu
855 4437 999 4494 refectum
1013 4440 1123 4494 esc-b
1133 4436 1229 4510 Huius
1241 4438 1402 4511 verbi'pars
1412 4445 1443 4494 et
1453 4436 1469 4492 3
1479 4453 1559 4510 seqq.

344 4523 463 4580 Polanci
477 4543 563 4582 manu
579 4535 712 4599 reparata
724 4535 855 4583 suun-⁰
878 4530 998 4584 averba
1017 4545 1101 4601 seqq.
1126 4546 1144 4583 a
1165 4527 1292 4584 Polanco
1314 4528 1426 4583 reiecta
1447 4535 1563 4582 sunt.-

342 4613 360 4657 d
378 4625 395 4668 2
408 4615 499 4670 verba
511 4633 595 4688 seqq.
612 4616 733 4672 Polanci
745 4635 832 4672 manu
841 4617 938 4674 denuo
949 4627 1066 4674 exarata
1079 4625 1160 4674 sunt.
1174 4627 1216 4662 -0
1232 4617 1297 4672 Hoc
1310 4617 1393 4672 verb.
1409 4633 1426 4672 a
1439 4615 1560 4672 Polanco

342 4701 486 4759 refectum
499 4704 609 4759 osb-f
625 4703 764 4778 Sequitur
777 4710 878 4762 tamen
890 4705 1020 4763 deletum
1039 4723 1056 4762 a
1069 4707 1139 4762 libr.
