3456 5386
627 498 741 568 4Ma11
762 499 830 568 1566
1270 523 1304 581 97

134 651 173 716 d'
193 650 290 737 Aprile
310 651 343 717 di
368 672 472 717 mano
493 651 582 718 della
610 651 682 718 Pu
709 652 795 735 V.⁸,
824 652 858 719 la
884 655 985 739 quale
1012 659 1057 723 ho
1085 656 1257 727 riceuutto
1281 663 1338 730 doi

134 765 236 852 giomi
248 765 287 830 fa.
304 766 339 831 ln
355 775 477 850 questa
492 764 568 833 diri)
588 766 677 836 delle
698 787 778 834 cose
795 770 859 836 che
883 789 1070 840 occorreno
1093 770 1128 837 di
1152 795 1231 858 qua,
1251 778 1307 846 nel
1321 788 1339 821 ⁸

135 880 260 968 negotio
272 892 304 948 et
317 879 422 946 offitio
437 881 516 948 dell'
534 892 661 967 agente
676 881 756 950 dell'
770 882 880 950 amico
891 885 936 955 de
952 885 1148 973 Rodriguez
1164 891 1186 969 ¹,
1200 889 1233 959 le
1245 892 1338 977 quali

135 997 178 1061 ha
192 995 384 1062 comunicato
400 1006 436 1064 et
450 997 644 1064 consultatu
660 1017 725 1064 con
741 997 799 1064 noi
815 999 903 1066 altri.
919 1000 1045 1088 Voglio
1061 1002 1169 1088 prima
1184 1005 1258 1073 dire
1270 1008 1336 1074 alla

134 1109 203 1175 P.¹²
215 1111 296 1176 V.²il
308 1111 376 1178 fine
388 1113 515 1198 perche
526 1110 651 1193 scriuo;
661 1124 698 1178 et
709 1114 728 1180 ἑ
740 1113 911 1194 accioehe,
923 1135 1021 1185 come
1033 1115 1068 1184 in
1081 1139 1160 1186 cosa
1172 1121 1216 1189 de
1229 1142 1335 1208 gran-

177 1325 193 1358 1
217 1317 336 1372 raserba
345 1333 433 1390 seqq.
447 1315 489 1371 ita
498 1315 623 1372 mutavit
632 1317 702 1372 Bo.:
714 1317 839 1389 negorio
847 1317 897 1373 dal
908 1316 1076 1378 cardinale
1088 1321 1212 1398 Legata,
1223 1327 1273 1382 clia
1283 1328 1334 1382 ha.

127 1513 278 1586 novamque
289 1513 368 1568 illius
380 1514 478 1580 stilus,
488 1530 506 1568 a
515 1512 626 1570 Canisii
639 1513 708 1569 stilo
721 1529 841 1586 prorsus
853 1512 1001 1588 diversus,
1015 1525 1103 1574 notus
1115 1519 1167 1575 sit.
1183 1520 1254 1592 Sed,
1265 1523 1335 1579 stilo

127 1601 319 1672 praetermisso,
330 1603 414 1674 plura
425 1601 534 1657 adsunt
545 1610 719 1672 argumenta
732 1618 771 1658 ex
784 1602 847 1675 ipsa
860 1603 985 1676 epistola
998 1613 1076 1662 etex
1086 1609 1335 1679 praecedentibus

127 1695 154 1744 et
163 1689 338 1761 sequentibus
347 1689 461 1746 Natalis
472 1689 604 1762 epistolis
613 1689 797 1763 deprompta,
808 1707 883 1763 quae
895 1707 1013 1748 omnem
1023 1693 1145 1751 dubium
1161 1699 1278 1755 tollunt.
1295 1701 1335 1754 1.⁰

125 1777 172 1832 ills
182 1780 261 1834 verbs
272 1779 356 1835 initio
369 1779 476 1852 posita:
491 1780 554 1835 Per
567 1797 609 1834 un
621 1780 735 1835 altra..
747 1819 755 1834 .
773 1787 834 1834 etc.
851 1779 882 1835 in
895 1780 988 1852 prima
1005 1799 1130 1854 persona
1149 1793 1179 1840 et
1192 1786 1334 1858 singulari

126 1884 227 1922 numero
235 1869 469 1942 scripta,0ptime
479 1877 646 1940 congruunt
655 1867 821 1941 Natali,qui
832 1875 862 1923 et
871 1870 994 1925 alteram
1005 1870 1160 1943 epistolam
1172 1875 1275 1931 eadem
1285 1875 1334 1931 die

126 1955 157 2009 tle
168 1957 222 2014 aliis
237 1960 324 2013 rebus
336 1975 389 2030 per
398 1959 435 2012 P.
453 1957 588 2028 Jimenez
597 1956 722 2028 Borgiae
732 1955 861 2029 scripsit,
875 1965 907 2012 et
918 1962 1128 2032 autographam
1138 1963 1275 2034 Borgiae,
1286 1965 1334 2034 5.¹

126 2045 217 2117 Aprssis
228 2047 263 2102 ad
275 2063 307 2101 se
319 2046 429 2116 datam,
443 2046 570 2118 recepit.
587 2045 663 2100 Vide
676 2046 766 2117 epist.
784 2044 851 2115 370.
872 2047 954 2102 Haec
967 2056 1066 2104 autem
1079 2049 1200 2106 Canisio
1213 2052 1333 2118 minime

124 2133 242 2204 applicari
253 2144 389 2208 possunt.
406 2137 454 2189 2.⁰
468 2135 601 2191 Arcanae
614 2135 779 2190 locutiones
792 2134 860 2190 illae
872 2136 971 2191 amico
980 2137 1016 2191 dc
1026 2137 1211 2211 Radriguas,
1222 2143 1334 2214 rugiae

122 2221 296 2296 daMontoya,
316 2233 377 2279 etc.
400 2224 431 2278 in
448 2224 561 2280 Natalis
579 2224 711 2296 epistolis
729 2225 839 2296 passim
856 2232 1010 2296 apparent.
1034 2225 1100 2281 Non
1118 2227 1159 2282 ita
1178 2229 1208 2283 in
1225 2230 1332 2285 litteris

123 2309 226 2366 [annii.
242 2311 288 2369 3.·
301 2313 363 2368 Sub
377 2331 410 2368 n.
427 2327 455 2382 2,
466 2314 539 2368 haec
547 2313 637 2368 babet
648 2313 841 2384 archetypos,
852 2328 927 2384 quae
937 2311 1037 2368 omisit
1046 2315 1149 2370 Boer0:
1160 2315 1237 2371 delli
1245 2317 1332 2388 quali

119 2402 200 2455 scrius
211 2403 237 2457 el
247 2402 287 2457 P.
306 2401 432 2458 Canisio
447 2405 567 2473 sparta
581 2399 632 2456 ubi
644 2400 682 2455 de
699 2399 820 2456 Canisio
833 2399 863 2455 in
876 2400 992 2456 oblicus
1010 2402 1138 2475 loquitur
1155 2412 1255 2460 auctor
1268 2405 1329 2478 epi·

120 2490 258 2560 stolae.4.⁰
267 2491 321 2547 Illa
330 2492 422 2546 verba
434 2491 555 2546 aBoero
568 2489 686 2544 omissa:
697 2506 777 2544 coms
786 2491 824 2544 ho
833 2492 942 2545 sentito
954 2491 995 2546 da
1008 2493 1099 2556 colui,
1109 2510 1164 2548 con
1177 2495 1225 2550 chi
1236 2499 1327 2551 staua

114 2577 191 2646 jona,
202 2580 274 2634 clare
287 2579 415 2652 produnt
431 2579 578 2649 Natalem,
592 2579 642 2651 qui
655 2579 797 2648 Treviris,
816 2595 893 2634 anno
913 2580 982 2648 1562
998 2580 1075 2652 apud
1088 2582 1247 2638 electorem
1267 2591 1323 2639 tre·

121 2666 243 2723 riensun
255 2667 376 2724 rescivit
388 2685 475 2723 casus
489 2668 594 2738 Jonae,
608 2675 641 2723 ut
653 2667 718 2739 ipse
728 2667 821 2722 Nadal
835 2668 865 2722 in
879 2669 941 2722 suis
954 2669 1214 2741 Ephemeridibus,
1226 2671 1324 2745 Epist.

118 2753 218 2828 Natat,
232 2757 270 2827 ll,
284 2755 318 2826 35
332 2766 363 2813 et
372 2770 419 2826 97,
431 2765 543 2812 narrat.
560 2755 617 2811 Hic
630 2764 742 2827 autern,
755 2773 793 2812 ne
804 2757 942 2812 electoris
952 2757 1124 2813 trevirensis
1137 2774 1244 2814 nomen
1257 2778 1325 2832 ape·

119 2843 170 2916 nat,
181 2846 224 2902 illa
235 2847 327 2902 utitur
339 2861 444 2901 arcana
457 2845 618 2901 locutione.
636 2847 684 2916 5.⁰
697 2844 760 2900 Sub
773 2861 895 2900 numero
912 2845 940 2914 3,
960 2847 1051 2902 verba
1068 2848 1118 2902 illa
1135 2849 1286 2919 hispanica
1304 2854 1325 2904 ά

119 2931 325 3007 infamesque
342 2952 372 2989 se
388 2936 573 2989 lrisa'eron...
595 2941 672 3004 etc.,
690 2941 752 2988 tum
770 2935 809 2989 ob
826 2949 992 2989 sermonem
1010 2934 1184 3002 adhibitum,
1207 2943 1269 2992 tum
1287 2940 1326 2993 ob

118 3037 153 3075 res
162 3023 364 3094 subindicatas‚
373 3025 430 3079 soli
442 3022 541 3078 Natali
550 3021 742 3078 conveniunt.
761 3023 873 3078 Sensus
883 3030 982 3078 autem
996 3025 1152 3080 verborum
1166 3033 1212 3080 est
1225 3025 1326 3098 hujus·

118 3111 185 3167 nodi:
196 3117 215 3167 ά
226 3115 269 3168 los
281 3115 415 3169 decretos
426 3112 476 3168 dal
487 3111 613 3167 condio
631 3111 819 3176 Tridentino,
832 3112 865 3165 al
877 3111 948 3167 cuol
955 3129 994 3182 yo
1006 3113 1087 3177 vine,
1097 3131 1118 3184 y
1137 3118 1237 3170 estuve
1251 3119 1325 3188 poco

116 3197 332 3273 temptamenta
342 3205 518 3274 atrdspara
529 3200 642 3256 umber
651 3201 696 3256 mi
704 3201 797 3255 visita
804 3202 934 3272 passeis,
948 3200 978 3256 id
991 3208 1038 3256 est
1050 3200 1254 3257 lustrationem
1266 3205 1326 3259 col·

117 3286 233 3358 legiorum
251 3291 429 3347 Germaniae
447 3305 524 3346 anno
542 3290 611 3359 1562
634 3289 810 3345 inchoatam.
830 3288 906 3344 Vide
929 3290 1031 3362 Epist.
1052 3290 1175 3358 Natal„
1202 3291 1241 3361 II,
1261 3308 1324 3362 494.

115 3375 178 3444 Quae
189 3380 304 3453 quidem
317 3381 410 3436 verba
428 3380 458 3435 in
476 3379 619 3434 Boetiana
636 3379 767 3435 editione
785 3379 894 3434 omissa
911 3385 993 3433 sunt.
1016 3379 1083 3434 Atia
1101 3378 1221 3450 insuper
1238 3397 1324 3452 argu·

117 3477 189 3522 nanta
201 3485 355 3542 possemus
368 3467 524 3536 adducere3
539 3467 591 3522 sed
602 3467 673 3522 satis
684 3484 829 3540 superque
840 3466 1071 3523 demonstratum
1082 3475 1129 3522 est
1139 3468 1237 3524 Natali
1246 3471 1322 3525 hanc

116 3553 242 3624 spinulam
263 3555 490 3612 adscribendam
507 3573 584 3621 esse,
604 3565 637 3611 ut
654 3553 777 3624 auctori3
797 3555 917 3612 Canisio
938 3564 1037 3610 autem
1051 3563 1081 3610 et
1093 3555 1267 3628 Ledesmae‚
1288 3565 1321 3612 ut

117 3640 223 3710 ejusdem
240 3646 506 3718 subscriptoribus.

154 3735 309 3804 Variantes,
327 3753 401 3808 quas
422 3735 536 3806 dicunt,
553 3733 692 3790 editionis
709 3733 871 3789 Boerianae
889 3750 947 3788 nou
964 3749 1067 3788 omnes
1090 3734 1138 3790 hic
1158 3733 1320 3806 producere

118 3835 187 3888 ucat,
204 3827 296 3880 satius
314 3826 395 3880 enim
412 3823 490 3880 foret
507 3831 598 3878 totam
615 3823 694 3878 illam
713 3823 920 3890 transcribere;
939 3821 992 3876 sed
1013 3823 1184 3895 praecipuas
1207 3831 1320 3879 tantum

116 3919 205 3970 nonne
222 3915 360 3970 sufficiat.
377 3911 551 3970 Generatim
563 3911 752 3968 nihilominus
764 3912 943 3979 notabimus,
958 3909 998 3965 ita
1011 3911 1127 3966 Patrem
1143 3913 1238 3966 Boero
1251 3929 1320 3968 con·

116 3997 224 4060 tuusne
235 4005 310 4060 hanc
323 4003 491 4075 epistolam,
504 4008 536 4056 ut
551 4002 602 4057 ubi
616 4001 740 4068 Natalis,
754 4018 808 4056 seu
820 4001 918 4072 potius
931 3999 1011 4054 illius
1031 3998 1167 4056 librarius
1180 4001 1213 4055 P.
1229 4001 1319 4073 Jime·

115 4101 159 4154 Μ,
171 4092 291 4166 scripsitt
306 4091 432 4160 d¹allre,
449 4089 640 4162 respondero,
658 4089 810 4161 d’Aprile,
824 4089 907 4144 della
925 4088 1088 4142 Paternilci
1109 4089 1223 4155 Vestra,
1244 4091 1319 4146 rice·

113 4182 184 4245 auto,
194 4183 254 4248 dei,
269 4189 300 4238 et
312 4181 370 4237 alia
388 4181 480 4234 multa
497 4177 673 4250 hujusmodi;
693 4180 787 4234 Boero
800 4176 955 4232 substituit
973 4177 1008 4231 di
1019 4176 1110 4244 altre,
1128 4179 1317 4250 rispondaro'.

113 4264 136 4316 li
144 4269 242 4340 Aprile,
256 4273 290 4326 di
308 4272 415 4326 Vestra
429 4269 601 4336 Paternitcl,
614 4269 760 4332 ricavuto,
771 4269 829 4322 dua
843 4274 904 4321 etc.
922 4266 1009 4336 Item,
1020 4263 1072 4319 ubi
1085 4264 1198 4321 Natalis
1212 4284 1317 4323 arcano

114 4355 179 4412 utitur
189 4377 332 4431 sermone,
346 4359 482 4414 scribens
495 4357 593 4412 amico
605 4358 638 4413 di
651 4357 837 4430 Rodriguea,
851 4356 907 4409 Bo.
924 4354 1042 4427 scripsit
1054 4355 1078 4408 il
1091 4355 1181 4426 Papa
1193 4357 1241 4412 vel
1254 4357 1318 4413 Sua

115 4441 218 4507 Ssnlitcl.
241 4450 301 4510 Ubi
320 4447 436 4506 Natalis
456 4447 498 4502 ait
514 4445 646 4521 l’agenle
664 4455 741 4518 etc.,
754 4447 807 4501 Bo.
826 4443 945 4516 scripsit
957 4443 982 4498 it
1001 4441 1168 4499 Cardinala
1188 4445 1313 4518 Legata.

114 4527 173 4590 ffitc
180 4541 350 4608 generatim:
364 4545 483 4594 caetera
497 4550 550 4591 suo
562 4537 628 4592 loco
642 4543 788 4592 notamus.

155 4627 160 4658 ¹
189 4627 245 4686 Sub
257 4631 313 4686 hac
325 4643 434 4684 arcana
447 4625 695 4695 denominatione,
706 4625 824 4696 saepius
837 4623 867 4677 in
879 4619 941 4678 suis
954 4620 1088 4693 epistolis
1097 4621 1204 4693 Borgia
1218 4629 1248 4677 et
1259 4623 1315 4678 Na-

117 4709 164 4766 talis
173 4717 329 4790 significant
341 4733 492 4773 summum
506 4713 687 4786 pontificem.
705 4713 781 4768 Vide
794 4711 886 4784 epist.
902 4707 966 4780 353,
980 4726 1047 4765 cum
1060 4718 1163 4766 annot.

195 4815 277 4864 Emi.
295 4817 325 4864 P.
343 4815 449 4866 Nauis,
464 4823 525 4858 rou.
542 4811 590 4857 lll.
1193 4807 1206 4850 7
