3322 5370
515 489 550 532 ιο
570 477 744 532 Feenumu
766 476 834 546 1567
1199 475 1253 534 383

86 631 229 712 attendet,
255 628 327 696 cioe
349 631 482 696 metter’
505 627 540 694 in
561 627 679 695 ordine
698 627 722 694 li
749 627 882 710 nouitii‚
900 630 931 697 le
953 631 1080 712 schole,
1106 629 1129 698 li
1150 631 1288 698 conuit-

91 747 153 827 tori;
172 757 202 815 et
219 745 236 812 ὲ
255 754 344 811 stata
362 745 480 811 buona
502 742 736 830 occupatione.
761 744 803 810 Et
831 756 959 830 quanto
985 744 1042 812 alli
1062 745 1197 829 nouitii,
1221 767 1287 814 con

89 863 175 948 quell'
190 859 302 928 ordine
319 869 354 928 et
369 857 589 926 instruttione
605 860 669 925 che
685 858 717 926 la
740 860 779 926 P.
799 861 843 927 V.
870 863 913 926 ha
938 861 1097 928 mandato
1113 863 1136 946 ¹,
1162 872 1197 931 et
1220 883 1286 930 con

90 978 212 1042 alchuna
225 973 478 1044 dechiaratione
493 973 516 1040 li
532 975 679 1042 hauemo
695 972 862 1054 ordinato,
877 975 981 1044 datoli
996 976 1019 1042 il
1035 976 1108 1043 loro
1124 987 1284 1060 maestr0‚

90 1105 118 1158 et
130 1112 147 1156 a
158 1090 256 1158 coetui
274 1087 487 1174 compagnio.
505 1089 549 1154 Et
564 1087 592 1154 si
608 1087 696 1156 uede
711 1088 769 1176 gia
784 1089 890 1154 frutto
906 1111 973 1156 con
988 1091 1021 1156 la
1037 1090 1147 1177 gratia
1158 1092 1212 1159 del
1229 1090 1286 1161 Si-

89 1227 187 1291 gnore,
203 1205 333 1272 benche
352 1207 398 1270 ho
414 1214 556 1290 pensato
571 1203 605 1269 di
622 1203 684 1270 far'
701 1225 781 1272 casa
800 1205 843 1272 de
864 1206 1063 1291 probatione
1082 1205 1119 1273 in
1139 1207 1285 1288 Treuiri,

88 1323 160 1388 doue
176 1322 325 1388 almanco
347 1319 458 1386 stiano
478 1317 501 1384 li
524 1317 658 1398 nouitii‚
680 1319 728 1384 fin
752 1321 816 1386 che
839 1319 935 1386 siano
959 1321 1047 1388 assai
1071 1321 1204 1408 probati
1226 1343 1287 1408 per

87 1435 214 1504 nettersi
228 1434 309 1502 nelli
326 1426 402 1502 altri
418 1432 553 1521 collegii
570 1444 604 1501 et
619 1437 747 1502 seruar'
765 1434 911 1504 alchuna
928 1436 1124 1504 mediocrite
1145 1437 1188 1504 de
1205 1459 1286 1524 pro·

88 1549 204 1632 bationi,
219 1550 390 1619 seruendo
406 1560 441 1615 et
456 1549 698 1635 adoperandoli
713 1569 774 1636 per
789 1549 883 1616 aiuto
899 1551 942 1617 de
965 1551 1113 1638 collegii,
1131 1563 1166 1620 et
1188 1575 1287 1638 spero

88 1667 193 1734 faremo
206 1666 351 1752 qualche
367 1667 472 1730 buon'
490 1663 620 1732 ordine.
641 1663 680 1731 Li
696 1662 892 1747 conuittori,
911 1668 975 1733 che
990 1665 1025 1730 in
1039 1678 1160 1751 questo
1172 1678 1286 1753 tempo

90 1803 156 1848 sono
180 1802 244 1866 qua
263 1779 365 1848 insin'
388 1802 408 1846 a
430 1778 626 1865 cinquanta‚
649 1789 684 1847 et
705 1778 865 1865 sogliono
887 1781 1056 1848 mandarsi
1077 1781 1178 1848 etiam
1200 1783 1288 1851 dalle

89 1897 154 1963 citri
167 1896 283 1977 vicine,
298 1893 439 1984 giouani
452 1895 495 1962 de
509 1893 615 1960 buoni
631 1893 775 1980 parenti,
789 1904 823 1960 et
836 1895 972 1961 alchimi
985 1895 1102 1978 nobili,
1117 1897 1288 1966 viueuano

90 2012 159 2078 della
169 2011 349 2079 medesirna
361 2030 479 2096 spessa
489 2010 545 2076 del
557 2007 714 2096 collegio,
732 2009 906 2096 pigliando
920 2010 944 2074 li
960 2010 1067 2077 nostri
1086 2011 1110 2076 li
1126 2012 1285 2096 quatrini,

90 2129 138 2194 che
151 2149 228 2195 sono
244 2148 287 2212 30
304 2125 425 2205 talleri,
443 2147 503 2211 per
522 2127 604 2211 ogn'
623 2145 694 2191 uno
710 2124 753 2193 de
769 2125 871 2210 quelli
888 2127 952 2192 che
968 2147 1036 2191 non
1051 2127 1187 2194 beuono
1207 2128 1289 2195 vino

91 2263 175 2310 senon
188 2242 343 2322 ceruisia,
362 2254 398 2310 et
412 2261 472 2326 per
488 2239 589 2324 quelli
607 2242 671 2308 che
686 2261 821 2309 veuono
837 2239 917 2307 vino
938 2252 972 2306 et
992 2241 1135 2309 ceruisia
1157 2245 1199 2327 36
1223 2244 1288 2310 tal·

91 2357 145 2422 leri.
160 2359 337 2427 Faceuano
354 2355 547 2442 prouisione
564 2375 623 2440 per
639 2355 731 2438 tutti,
745 2356 774 2422 s'
793 2356 1085 2443 apparechiauano
1096 2358 1129 2423 le
1140 2357 1288 2428 viuande

92 2472 159 2540 nella
172 2485 283 2540 nostra
299 2470 453 2551 coccina,
470 2470 593 2538 nisuna
605 2469 798 2556 prouisione
805 2479 954 2557 prorsus
966 2474 1146 2540 haueuano
1158 2473 1192 2540 in
1209 2495 1288 2541 casa

92 2587 146 2652 loro
161 2596 185 2654 ⁸.
202 2591 337 2674 Questo
352 2589 398 2652 ho
414 2585 533 2652 uoluto
553 2584 587 2652 io
610 2585 726 2654 ridure
744 2585 800 2653 dal
820 2585 998 2673 principio,
1022 2588 1197 2656 mettendo
1220 2612 1289 2656 vno

93 2703 140 2768 che
153 2703 263 2770 hauesi
278 2703 313 2769 la
328 2721 411 2768 cura
425 2701 480 2769 del
498 2710 588 2768 tutto
605 2699 636 2766 al
651 2721 715 2767 suo
730 2711 845 2780 conto,
865 2723 886 2766 o
908 2701 1064 2768 almanno
1084 2708 1218 2772 metter'
1242 2726 1289 2772 un

94 2830 284 2899 procuratore
299 2817 466 2896 seculare,
485 2814 507 2880 il
523 2816 623 2900 quale
639 2813 774 2901 pigliasi
789 2814 811 2880 li
828 2815 945 2882 danari
961 2826 996 2883 et
1012 2817 1116 2887 taeesi
1137 2801 1288 2906 la'spes·

95 2951 130 3008 sa,
145 2933 270 3000 dandoli
286 2955 332 2998 vn
350 2930 486 3012 salario;
503 2940 539 2997 et
556 2932 704 3015 questob
721 2929 894 2997 ritomaua
910 2952 979 2998 non
994 2932 1066 2999 solo
1083 2934 1170 3002 bene
1190 2935 1288 3020 peril

96 3061 188 3114 nostro
201 3049 305 3116 modo
319 3046 354 3113 di
369 3047 557 3134 proceder',
571 3067 626 3113 rna
639 3067 698 3131 per
710 3045 824 3130 quello
836 3049 901 3112 che
915 3049 961 3112 ho
977 3045 1066 3116 uisto
1082 3047 1140 3134 pii1
1155 3049 1284 3117 chiara-

95 3173 184 3231 nente
196 3165 261 3230 co'l
277 3165 377 3230 Rmo.
396 3161 431 3228 in
447 3161 701 3242 Aschemburg‚
718 3160 741 3226 il
757 3161 858 3245 quale
877 3184 898 3228 a
919 3163 1019 3228 modo
1034 3162 1159 3263 nisuno
1175 3163 1204 3230 si
1219 3167 1289 3250 pub

96 3281 260 3358 persuader'
278 3276 382 3345 cheli
398 3275 505 3342 nostri
520 3297 591 3342 non
607 3285 790 3344 mettesero
804 3275 860 3342 del
875 3297 938 3342 suo
954 3276 1033 3344 delli
1054 3278 1202 3362 quatrini
1224 3281 1288 3349 che

96 3387 132 3454 lui
144 3393 179 3458 di
193 3416 249 3479 per
268 3394 301 3460 la
321 3390 516 3479 prouisione
535 3391 590 3457 del
610 3391 767 3476 collegio,
786 3401 833 3456 11ο
854 3401 975 3475 questo
990 3413 1145 3477 gouerno
1166 3395 1209 3462 de
1229 3416 1289 3461 co-

98 3508 223 3588 mensali,
243 3509 390 3577 essendo
409 3509 474 3576 che
495 3505 724 3573 chiaramonte
746 3507 947 3573 consessano
967 3505 991 3572 li
1012 3508 1117 3575 nostri
1139 3512 1290 3580 baueme

100 3623 313 3710 guaoagniato.
333 3625 377 3690 Et
397 3645 465 3690 vna
483 3624 570 3690 delle
590 3643 705 3700 cause,
730 3641 828 3691 come
854 3621 940 3702 diro,
966 3623 1000 3689 di
1027 3644 1095 3689 non
1119 3626 1287 3693 estettuar’

100 3735 196 3803 adesso
218 3741 249 3806 la
276 3738 476 3807 fundatione
502 3738 556 3806 del
582 3737 739 3824 collegio,
764 3735 923 3804 hauiamo
948 3738 1037 3804 visto
1060 3739 1290 3808 chiaramente

99 3869 172 3918 esser
185 3866 311 3940 questa,
330 3854 478 3922 uolendo
493 3853 598 3940 prima
620 3853 735 3921 ueder’
753 3853 785 3919 la
800 3853 1024 3940 separatione,
1043 3865 1077 3924 et
1092 3876 1211 3942 sapere
1227 3859 1290 3924 che

101 3961 118 4026 li
130 3969 193 4034 suoi
207 3970 350 4056 quatrini
367 3971 395 4035 s'
413 3970 527 4036 hanno
543 3992 563 4035 a
577 3969 732 4056 spender’
749 3970 804 4038 nel
825 3970 969 4056 collegio
991 3981 1118 4037 nostro.
1142 3971 1186 4038 Et
1205 3972 1290 4052 cosi,

104 4077 201 4165 Padre,
225 4108 291 4154 non
314 4085 511 4152 ritrouando
534 4105 677 4170 persona
700 4082 891 4152 sufficiente
914 4107 974 4172 per
996 4085 1020 4150 il
1042 4084 1152 4171 primo
1177 4087 1289 4168 modo;

106 4201 270 4220 5—n

142 4269 155 4302 Ι
178 4262 234 4318 Hoc
246 4265 326 4320 verb.
341 4261 453 4320 addidit
465 4261 534 4318 libr.
552 4278 639 4334 supra
652 4261 790 4317 vers.-b
802 4262 866 4316 Hoc
879 4263 965 4317 verb.
983 4262 1020 4317 N.
1039 4280 1127 4318 manu
1144 4271 1191 4318 est
1213 4263 1292 4319 addi-

104 4351 150 4399 tun
160 4365 236 4422 supra
247 4363 374 4410 vern·c
388 4353 470 4407 Haec
483 4349 624 4424 particula
636 4349 734 4407 addita
747 4359 793 4406 est
807 4350 919 4406 Natalis
933 4369 1020 4407 manu
1032 4369 1119 4424 supra
1133 4369 1228 4420 vers„
1239 4353 1293 4408 sed

105 4433 217 4495 obscure.

109 4535 274 4558 *z—

149 4591 155 4622 ¹
184 4589 256 4648 luter
267 4594 378 4650 Natalis
391 4593 507 4650 codices
519 4594 592 4648 haec
604 4591 758 4648 instructio
771 4593 914 4665 Borgiana
928 4613 980 4667 pro
996 4594 1116 4651 novitiis
1136 4595 1293 4669 reperitur,

111 4681 135 4724 ut
144 4681 241 4750 proptio
253 4684 314 4740 loco
326 4683 471 4739 dicemus.
965 4701 971 4706 ·
