3482 5386
380 525 433 580 808
814 527 918 582 aprsr.
939 526 974 584 P.
994 523 1107 582 Nnnnc

344 699 444 747 come
460 681 504 745 ha
520 677 725 745 cominciato
740 701 761 745 a
776 677 940 745 sminuire
954 680 978 744 l’
996 689 1159 765 apparato
1174 681 1237 746 che
1253 677 1334 766 ogni
1349 678 1384 743 di
1401 699 1571 758 usauano‚

345 767 539 836 mandando
554 768 610 833 doi
626 767 783 834 seruitori
796 771 860 833 che
873 767 1063 853 portassino
1074 789 1155 836 cose
1166 769 1209 834 da
1221 767 1394 853 mangiare
1406 768 1439 834 al
1450 777 1574 834 nostro

345 857 505 942 collegio,
524 856 595 923 cosi
612 856 641 922 si
657 855 856 924 contentino
876 857 918 923 de
939 878 1007 922 non
1027 857 1168 922 mandat
1187 858 1295 922 anche
1315 856 1394 941 quel
1416 875 1486 922 uno
1505 859 1574 924 che

345 949 465 1011 adesso
490 946 673 1027 mendeno,
692 955 727 1010 et
750 946 897 1013 nolendo
922 946 971 1011 far
998 947 1021 1010 l'
1039 945 1222 1012 elemosina
1245 965 1306 1031 per
1327 943 1350 1009 li
1373 945 1573 1024 amalati‚o

345 1034 433 1113 sani,
459 1035 545 1099 altro
572 1035 673 1100 modo
696 1046 863 1120 potranno
889 1036 996 1108 haner
1018 1034 1053 1100 di
1080 1033 1236 1120 maggior
1262 1032 1478 1101 edificatione
1504 1037 1575 1102 che

346 1123 488 1189 mandar
504 1123 587 1210 ogni
602 1123 723 1208 giorno
739 1121 763 1187 li
779 1123 846 1188 cibi
862 1121 950 1188 costi
967 1122 1000 1188 al
1015 1122 1172 1208 collegio;
1187 1131 1222 1189 et
1236 1144 1275 1189 se
1285 1143 1354 1188 non
1365 1143 1403 1189 se
1415 1122 1575 1188 laseiassi

347 1213 533 1296 persuadet
549 1213 587 1280 S.
610 1213 670 1290 A..
689 1211 771 1298 pigli
792 1213 836 1279 V.
855 1213 897 1279 R.
916 1232 963 1276 un
985 1211 1070 1279 altra
1091 1211 1163 1291 uia,
1185 1212 1285 1295 quale
1307 1214 1383 1278 sara
1399 1212 1492 1277 forsa
1512 1211 1575 1297 piri

347 1300 458 1380 facile,
476 1311 510 1368 et
528 1302 544 1365 ἐ
562 1301 605 1366 de
621 1322 690 1366 non
705 1302 767 1366 dar
783 1300 898 1368 niente
914 1300 948 1365 di
965 1301 1079 1383 quello
1099 1303 1163 1366 che
1183 1300 1415 1366 mandaranno
1436 1321 1457 1366 a
1478 1320 1574 1378 casa,

346 1389 402 1454 alli
418 1388 616 1468 confessori,
636 1389 677 1456 ne
693 1410 780 1474 poco
796 1389 839 1455 nie
856 1389 957 1470 assai,
972 1409 1027 1454 ma
1043 1387 1071 1454 si
1088 1389 1142 1454 dia
1155 1389 1197 1454 ad
1209 1389 1285 1454 altri
1298 1387 1433 1455 amalati
1449 1407 1472 1452 o
1484 1387 1576 1468 sani,

346 1487 382 1543 et
405 1477 461 1542 alli
484 1478 670 1543 confessori
693 1498 731 1545 se
753 1478 776 1543 li
801 1479 951 1564 proueda
973 1478 1028 1543 del
1052 1477 1222 1544 ordinario
1246 1477 1280 1542 di
1303 1497 1394 1558 casa,
1421 1479 1579 1544 secondo

346 1569 411 1632 che
427 1567 471 1633 V.
490 1569 532 1634 R.
550 1566 727 1652 giudicara
743 1566 948 1646 conuenirli‚
967 1567 1091 1651 perche
1106 1566 1315 1634 intendendo
1330 1575 1452 1651 questo
1469 1568 1503 1634 le
1519 1585 1579 1633 re·

346 1654 440 1742 gine,
458 1657 477 1722 ὲ
493 1657 536 1721 de
552 1656 692 1723 eredere
708 1658 771 1723 che
787 1674 992 1724 cessaranno
1005 1655 1040 1721 di
1057 1657 1199 1721 mandat
1210 1667 1331 1740 queste
1343 1675 1529 1724 carezze...

907 1823 1017 1892 LXVI

700 1955 735 2011 Ρ.
755 1955 965 2014 OLIVERIUS
984 1955 1203 2012 MANAREUS

563 2092 757 2140 SANCTO
788 2093 1076 2141 FRANCISCO
1108 2093 1166 2138 DE
1197 2092 1354 2153 BORJn

675 2205 824 2286 Parisiis,
848 2225 882 2274 11
903 2216 938 2272 et
954 2208 995 2272 28
1008 2205 1102 2294 Junii
1123 2205 1205 2289 1568
1222 2207 1244 2274 ¹.

624 2339 665 2392 P.
680 2337 801 2393 Natalis
811 2339 944 2394 Parisiis
954 2359 964 2392 .·
977 2339 1099 2394 comitia
1109 2339 1296 2409 provinciae.

416 2471 458 2521 ΙΙ
469 2454 574 2543 junii
586 2453 667 2520 haec
680 2455 870 2522 Monarcus
883 2457 1037 2543 Bargioe
1052 2456 1242 2540 scripsit...
1260 2457 1382 2540 Doppo
1397 2455 1429 2520 le
1446 2454 1577 2535 mie...,

348 2555 470 2629 questa
486 2543 667 2612 settimana
684 2544 864 2610 habbiamo
886 2547 1015 2611 hauute
1031 2545 1151 2611 lettere
1166 2545 1223 2610 del
1239 2547 1278 2610 P.
1298 2543 1439 2622 Nadale,
1456 2565 1527 2608 con
1545 2543 1579 2610 le

349 2633 441 2718 quali
458 2633 526 2718 egli
543 2654 587 2701 ne
603 2633 714 2700 scriue
729 2636 793 2700 che
810 2636 861 2699 fra
877 2633 976 2718 pochi
992 2632 1027 2698 di
1044 2633 1133 2699 stara
1150 2633 1220 2717 qui,
1239 2632 1263 2698 il
1278 2635 1342 2700 che
1358 2633 1461 2698 molto
1477 2633 1577 2698 desi-

349 2723 478 2789 derano
496 2721 574 2786 tutti
591 2721 602 2786 i
620 2721 724 2787 nostri
742 2723 864 2789 fratelli
880 2744 900 2787 a
920 2723 987 2787 fine
1004 2724 1057 2787 ch'
1076 2721 1145 2806 egli
1160 2741 1225 2786 con
1240 2743 1302 2788 sua
1321 2723 1494 2806 prudenza
1517 2741 1573 2786 or·

350 2809 420 2875 dini
438 2832 482 2875 un
501 2831 586 2894 poco
601 2810 727 2894 meglio
737 2811 769 2875 le
781 2831 860 2878 cose
872 2811 906 2876 di
919 2821 1040 2896 questa
1052 2809 1239 2894 prouincia,
1253 2821 1287 2876 et
1300 2831 1451 2896 pregano
1463 2811 1575 2875 molto

349 2898 572 2965 humilmente
589 2900 632 2965 V.
649 2901 689 2964 R.
706 2899 744 2964 P.
764 2899 795 2964 ci
812 2899 918 2964 faccia
936 2901 1014 2983 quel
1025 2901 1092 2963 ben
1104 2898 1138 2962 di
1152 2899 1308 2965 fermarlo
1319 2898 1353 2963 in
1365 2908 1487 2982 questo
1500 2899 1576 2964 col-

350 2985 442 3071 legio
458 2987 591 3052 almeno
607 2997 658 3054 tre
673 2987 774 3066 mesi,
793 2988 887 3054 accio
903 2989 925 3052 l'
944 2987 1053 3053 ordini
1073 2987 1148 3053 suoi
1168 2987 1328 3071 puossino
1347 2986 1491 3074 pigliare
1507 3007 1577 3053 con

350 3075 384 3140 la
399 3096 462 3140 sua
478 3096 640 3159 presenza
654 3086 689 3142 et
704 3076 941 3144 sollecitudine
958 3075 1101 3162 magiori
1116 3075 1222 3141 radici
1238 3087 1272 3141 et
1289 3076 1448 3162 uigore...

418 3163 461 3228 28
471 3163 584 3250 Junii,
601 3166 689 3230 idam
707 3166 813 3230 eidem
831 3165 912 3231 haec
928 3166 1043 3231 retulit
1059 3188 1068 3229 :
1085 3165 1193 3232 Molto
1214 3166 1299 3232 Rdo.
1318 3165 1353 3230 in
1368 3166 1429 3232 X.⁰
1448 3163 1574 3232 Padre.

352 3253 419 3319 Per
442 3252 553 3338 gratia
574 3252 607 3318 di
631 3255 675 3320 N.
695 3255 731 3322 S.
751 3264 785 3320 et
809 3263 927 3321 sancta
950 3251 1173 3321 solecitudine
1189 3253 1224 3319 di
1247 3255 1288 3320 V.
1307 3256 1348 3320 R.
1372 3255 1413 3320 P.
1436 3253 1579 3320 efinal-

350 3351 464 3408 mente
477 3341 596 3428 gionto
608 3363 675 3426 qua
687 3342 710 3407 il
726 3343 834 3410 Padre
848 3345 933 3409 Rdo.
945 3354 1060 3408 nostro
1072 3343 1314 3422 commissario,
1324 3352 1359 3409 et
1371 3341 1428 3426 gia
1439 3344 1485 3407 ha
1498 3363 1579 3426 par-

350 3431 419 3495 lato
435 3431 685 3516 priuatamente
701 3432 798 3516 quasi
814 3455 833 3497 a
850 3431 929 3497 tutti
945 3431 1053 3496 nostri
1069 3431 1192 3497 fratelli
1211 3443 1245 3497 et
1265 3430 1453 3497 consolatili
1469 3431 1578 3496 molto

350 3539 414 3584 eon
432 3521 464 3585 le
480 3539 542 3584 sue
558 3530 655 3587 sante
670 3520 897 3586 essortationi.
918 3519 1041 3586 Homai
1057 3520 1296 3586 comminciara
1311 3520 1403 3586 darei
1423 3519 1446 3585 1'
1464 3519 1577 3592 ordini

350 3607 430 3693 plan
442 3607 543 3693 piano
556 3610 619 3674 che
632 3607 807 3693 giudicara
821 3607 1014 3687 necessarii,
1025 3629 1085 3694 per
1097 3608 1120 3675 li
1133 3609 1223 3695 quali
1236 3608 1348 3674 scrissi
1360 3629 1446 3694 poco
1459 3620 1576 3692 tempo

351 3698 385 3760 l'a
401 3719 421 3762 a
442 3698 553 3781 quella
575 3700 638 3764 che
662 3697 749 3763 saria
765 3699 870 3766 molto
886 3697 1082 3782 espediente
1102 3700 1157 3763 ch'
1175 3696 1243 3782 egli
1264 3696 1361 3765 stessi
1378 3718 1446 3781 qua
1463 3716 1496 3779 3,
1515 3717 1536 3762 o
1553 3717 1575 3778 4

350 3785 435 3850 mesi
451 3787 586 3852 almeno
603 3807 661 3870 per
678 3785 734 3871 pih
755 3786 945 3853 hahituarci
968 3786 1045 3853 tutti
1066 3787 1123 3852 noi
1143 3787 1231 3854 nella
1247 3789 1392 3871 perletta
1412 3805 1573 3852 osserua-

352 3873 444 3939 tione
459 3874 494 3939 di
510 3874 588 3953 essi,
607 3873 751 3959 puoichi
765 3886 860 3942 tanto
873 3876 1065 3942 facilmente
1077 3875 1099 3939 l'
1114 3877 1241 3940 huomo
1254 3875 1366 3941 ricade
1378 3873 1459 3942 nelli
1472 3873 1574 3958 primi

352 3961 432 4042 falli;
447 3974 481 4028 et
498 3963 515 4029 ὲ
529 3962 781 4031 nientedimeno
793 3975 917 4048 questo
930 3963 1077 4050 collegio
1089 3986 1148 4050 per
1159 3985 1272 4030 essere
1284 3963 1308 4028 il
1319 3983 1403 4048 capo
1415 3973 1450 4029 et
1463 3965 1575 4030 forma

350 4051 385 4115 di
402 4051 496 4117 molti
512 4051 601 4133 altri,
619 4052 742 4121 laonde
757 4075 825 4120 non
842 4055 1028 4122 solamente
1047 4053 1072 4117 il
1092 4074 1154 4118 suo
1175 4063 1264 4119 stare
1280 4051 1358 4136 quei
1371 4051 1471 4138 pochi
1487 4053 1576 4118 mesi

351 4140 385 4224 gi
392 4151 580 4208 ustamente
597 4162 703 4226 puose
719 4143 918 4223 concedere,
937 4142 969 4207 al
985 4141 1052 4208 mio
1068 4163 1199 4227 parere,
1213 4163 1269 4206 ma
1280 4142 1388 4207 anche
1400 4140 1435 4205 di
1448 4140 1577 4206 lassar-

349 4229 416 4294 eilo
432 4241 725 4314 perpetuamente;
745 4241 780 4298 et
797 4239 891 4296 tanto
908 4231 964 4315 pih
980 4233 1043 4298 che
1067 4241 1264 4298 ueramente
1280 4229 1386 4296 siamo
1402 4229 1436 4294 in
1454 4241 1579 4314 questa

351 4317 520 4402 prouintia
537 4328 624 4384 tutta
641 4329 735 4384 tanto
751 4319 911 4404 sprouisti
923 4320 957 4385 di
975 4330 1080 4404 gente
1091 4318 1126 4384 di
1138 4319 1265 4403 qualitai
1281 4329 1317 4386 et
1328 4339 1497 4403 gouerno,
1512 4319 1580 4385 che

351 4408 431 4491 quel
447 4409 539 4472 buon
557 4408 667 4474 Padre
683 4429 720 4476 se
736 4410 771 4472 n'
790 4409 807 4474 ὲ
825 4409 929 4475 molto
945 4407 1194 4494 marauigliat0‚
1208 4417 1243 4474 et
1258 4428 1324 4474 con
1336 4407 1469 4493 grande
1480 4427 1577 4472 com-

407 4605 414 4638 ¹
452 4605 496 4658 Ex
509 4604 699 4676 autographo,
714 4602 744 4660 in
759 4601 831 4659 eod.
849 4617 883 4673 30
897 4603 937 4673 b),
952 4615 1005 4672 214
1022 4599 1098 4673 (341)
1111 4611 1142 4658 et
1155 4615 1207 4672 215
1219 4599 1306 4672 (342).
1322 4599 1397 4656 Vide
1410 4599 1498 4672 epist.
1514 4601 1580 4670 5263

351 4705 415 4761 5273
431 4701 461 4746 et
474 4705 540 4763 529·
