3564 5380
650 527 912 588 Sorrrsusrrrmr
1303 535 1356 606 849

230 681 267 747 lo
281 681 325 747 mi
343 693 467 748 trouuo
482 681 518 748 in
535 682 647 749 alcuni
664 685 881 772 grandissimi
899 686 1046 774 trauagli
1062 687 1105 755 de
1121 685 1343 774 importanza:
1358 700 1393 757 et

158 791 234 838 non
249 771 354 840 credo
369 771 496 860 meglio
512 782 655 858 poteme
670 796 785 844 essere
800 775 955 856 liberato,
973 779 1039 845 che
1055 798 1120 843 con
1137 776 1161 843 il
1178 776 1306 845 ricorso
1327 779 1393 847 alla

158 860 395 929 misericordia
411 861 539 928 diuina.
559 864 627 931 Per
642 874 765 948 questo
784 886 892 952 prego
913 867 957 932 V.
987 867 1024 934 S.
1055 877 1091 934 et
1115 876 1203 933 tutta
1219 867 1252 934 la
1266 868 1393 937 deuota

159 950 392 1038 Compagnia,
410 953 475 1020 che
490 951 519 1017 si
535 950 686 1038 degnino
700 975 762 1040 per
785 953 972 1020 christiana
992 955 1122 1024 charita
1140 976 1237 1023 orare
1262 977 1323 1043 per
1338 979 1393 1024 me

160 1041 378 1109 caldamente
394 1041 426 1107 al
452 1039 682 1130 signorJesd,
710 1045 775 1111 che
802 1042 943 1109 indrizzi
971 1043 1053 1131 ogni
1082 1043 1149 1111 mia
1176 1066 1256 1112 cosa
1272 1047 1314 1112 ad
1330 1067 1393 1113 sua

160 1129 267 1195 laude
282 1141 317 1194 et
332 1129 400 1196 mia
415 1129 538 1211 salute,
553 1141 591 1197 'et
607 1129 654 1197 mi
675 1131 743 1199 leui
759 1131 783 1197 li
798 1131 1032 1220 impedimenti
1052 1135 1096 1200 de
1115 1143 1214 1220 poter
1232 1133 1291 1220 pid
1306 1134 1394 1204 libe-

162 1229 320 1286 ramente
335 1220 513 1287 attendere
533 1221 565 1287 al
585 1219 686 1286 vnico
706 1219 847 1288 seruitio
874 1243 948 1288 suo.
979 1221 1024 1290 Di
1052 1233 1174 1307 questo
1201 1221 1236 1289 io
1264 1223 1393 1292 ricerco

162 1309 210 1373 V.
229 1309 266 1376 S.
285 1317 320 1374 et
336 1318 425 1375 tutta
451 1309 485 1374 la
512 1307 738 1396 Compaignia
761 1310 994 1392 humilmente,
1024 1321 1059 1380 et
1076 1333 1119 1380 ne
1145 1332 1247 1398 spero
1267 1313 1394 1400 special

71 1393 75 1402 ’
163 1397 285 1462 frutto.
303 1399 357 1466 De
373 1399 417 1464 V.
435 1400 472 1467 S.
491 1400 685 1467 amoreuole
701 1401 835 1467 fratello
851 1411 886 1469 et
901 1399 1031 1488 figliolo
1043 1401 1079 1467 in
1090 1401 1231 1469 Christo
1248 1405 1346 1491 Jesd,

684 1489 721 1555 lr.
745 1509 926 1558 cnanmnr.
949 1511 997 1558 na
1021 1491 1212 1558 Anausin.

235 1575 421 1660 Inscriptio
440 1577 479 1642 in
499 1582 625 1662 quarta
639 1579 789 1665 pagina:
812 1579 858 1645 Al
878 1579 983 1645 molto
1003 1580 1090 1646 Rdo.
1114 1579 1149 1645 in
1170 1578 1310 1647 Christo
1327 1583 1395 1647 Pa-

165 1665 241 1747 dre,
261 1684 358 1730 come
374 1665 507 1732 fratello
522 1664 742 1746 amatissimo,
767 1666 790 1731 il
807 1669 848 1735 Ρ.
866 1669 998 1756 Jacobo
1021 1669 1170 1754 Laynez,
1188 1668 1316 1736 vicario
1331 1691 1396 1756 ge-

166 1755 286 1822 nerale
312 1753 400 1820 della
428 1755 642 1842 Compagnia
668 1755 702 1822 di
724 1758 826 1843 Jeslr,
856 1768 922 1823 ete.
948 1759 987 1824 ln
1014 1759 1136 1826 Roma.
1165 1758 1247 1824 Atia
1275 1781 1395 1825 mann:

166 1844 211 1910 C.
225 1846 341 1932 Jesus
364 1858 459 1927 1557.
479 1843 629 1932 Dilinga.
649 1846 739 1913 Dell'
764 1847 869 1911 lllmo.
893 1856 928 1914 et
950 1847 1048 1914 Rm0.
1071 1848 1231 1914 cardenal
1258 1846 1292 1912 d'
1318 1849 1395 1915 Au-

166 1942 283 2020 gusta,
302 1932 345 1999 de
362 1951 405 2020 29
419 1932 453 1998 di
475 1935 556 2016 7.¹‘re
578 1935 695 2001 ΗΜ
724 1931 796 2024 [sic]
820 1933 852 2000 d'
875 1935 1034 2004 Ottobre.
1057 1935 1178 2024 Sigitli
1196 1937 1393 2024 vestigium.

761 2129 811 2188 iii

430 2253 538 2312 ΟΤΤΟ
566 2255 794 2313 TRUCHSESS
822 2257 876 2312 DE
904 2257 1137 2314 WALDBURG

480 2374 639 2440 parm
662 2374 871 2461 Jncoeo
903 2374 1096 2441 Lnrnaz

524 2517 704 2578 lucustas,
720 2519 753 2561 12
766 2518 921 2564 octoams
937 2519 1005 2578 1557
1025 2508 1043 2561 ¹.

176 2620 339 2678 Occasione
358 2621 518 2694 proximae
540 2621 691 2678 electionis
704 2623 873 2695 praepositi
882 2623 1048 2695 generatis,
1069 2624 1145 2696 petit
1159 2627 1192 2678 ut
1203 2640 1258 2680 suo
1279 2626 1401 2681 nornine

230 2711 383 2780 Natalem,
396 2711 444 2767 vet
455 2711 553 2768 atium
566 2711 708 2776 similem,
719 2716 777 2784 pro
787 2715 962 2785 augustana
976 2713 1102 2768 dioecesi
1114 2729 1134 2767 a
1144 2729 1220 2769 nova
1228 2714 1402 2788 praeposito

711 2799 856 2874 postulet.

244 2919 355 2987 Molto
371 2918 458 2986 Rdo.
474 2918 510 2984 in
522 2917 674 3000 Christo,
689 2938 788 2987 come
802 2919 933 2988 fratello
946 2918 1168 2987 amatissimo,
1183 2917 1403 2988 Trouandoci

177 3011 263 3076 hora
277 3007 314 3073 in
330 3009 504 3094 Augusta,
529 3010 621 3077 doue
642 3018 738 3075 tanto
758 3008 1029 3094 maggiormente
1051 3010 1195 3077 uedemo
1215 3008 1238 3076 il
1258 3009 1404 3096 bisogno

178 3102 243 3165 che
259 3096 290 3163 ci
306 3096 406 3178 saria,
424 3119 445 3164 o
462 3097 516 3165 del
535 3101 574 3166 P.
593 3098 715 3164 Natale
727 3119 747 3164 o
760 3097 793 3163 di
807 3098 942 3181 qualclr'
957 3099 1043 3164 altro
1055 3097 1176 3179 simile,
1191 3119 1251 3184 per
1263 3097 1287 3163 il
1299 3099 1405 3164 frutto

179 3188 311 3273 grande
326 3188 392 3252 che
408 3208 452 3254 ne
467 3185 614 3274 portaria
630 3187 663 3252 la
679 3207 741 3252 sua
755 3197 896 3268 uenuta,
914 3208 984 3252 non
1001 3188 1147 3253 hauemo
1167 3187 1287 3254 uoluto
1307 3209 1405 3253 man-

180 3297 259 3344 care
274 3275 308 3342 di
323 3275 407 3343 farlo
422 3297 543 3360 sapere
559 3277 623 3343 alla
639 3277 679 3342 P.
703 3276 758 3355 V.,
778 3285 812 3341 et
833 3275 989 3362 pregarla
1010 3275 1088 3356 che,
1111 3275 1226 3342 subito
1246 3277 1311 3344 che
1330 3273 1406 3342 sard

181 3366 286 3433 eletto
302 3364 325 3429 il
342 3365 513 3450 preposito
529 3364 563 3430 di
579 3374 709 3432 coteste
725 3372 824 3429 santa
848 3363 1075 3450 Compagnia,
1099 3365 1193 3452 uogli
1209 3387 1311 3433 senza
1328 3385 1407 3450 per-

181 3453 253 3520 dita
269 3453 303 3519 di
320 3464 434 3540 tempo
449 3457 586 3556 pregar'
604 3452 662 3520 chi
677 3455 754 3518 sara
768 3452 885 3534 eletto,
908 3475 927 3519 a
949 3473 1050 3520 nome
1065 3453 1133 3519 mio
1153 3453 1258 3520 cheli
1278 3451 1408 3540 piaccia

181 3542 410 3623 concedermi,
425 3565 446 3610 o
459 3544 482 3609 il
494 3546 582 3610 drtto
596 3545 636 3610 Ρ.
655 3542 789 3622 Natale,
808 3562 828 3607 o
845 3540 899 3607 chi
916 3543 1010 3608 fusse
1021 3541 1080 3628 pid
1093 3553 1165 3608 atto
1178 3565 1198 3608 a
1210 3540 1318 3629 poter'
1330 3563 1408 3628 por-

183 3652 301 3718 germe
317 3631 407 3717 quel’
424 3632 517 3699 aiuto
545 3633 611 3699 che
634 3630 663 3698 si
679 3630 833 3699 desidera
848 3630 929 3698 nelli
944 3628 1080 3718 bisogni
1103 3630 1137 3696 di
1153 3641 1274 3717 questa
1289 3642 1408 3698 nostra

183 3720 322 3788 diocesi.
354 3723 485 3789 Perchi
514 3720 682 3808 speriamo
710 3721 765 3786 nel
793 3717 912 3806 signor
939 3719 1006 3786 Dio
1033 3719 1068 3785 di
1095 3721 1157 3788 far’
1181 3742 1365 3789 conoscere
1388 3741 1408 3786 a

183 3831 327 3897 ognuno
344 3813 408 3878 che
422 3811 508 3876 chi·
526 3814 638 3894 uerri,
662 3831 730 3876 non
743 3809 827 3876 harri
845 3809 931 3876 fatto
945 3819 1067 3894 questo
1084 3809 1224 3896 uiaggio
1236 3811 1270 3876 in
1286 3810 1408 3889 darno,

184 3922 240 3966 ma
253 3921 313 3984 per
325 3901 455 3986 grande
470 3899 578 3967 utilite
586 3900 674 3965 della
685 3897 762 3968 fede
773 3899 945 3965 catholica
957 3910 991 3966 et
1004 3899 1241 3984 augumentob
1254 3898 1342 3966 della
1355 3918 1409 3964 re-

183 3989 324 4076 ligione.
344 3989 370 4055 ll
386 3992 452 4056 che
469 3988 599 4076 piaccia
614 4011 633 4055 a
650 3989 687 4057 S.
706 3991 753 4055 M.
773 3986 891 4054 diuina
902 3987 938 4052 di
950 3987 1088 4074 seguire
1100 3987 1241 4055 sicondo
1252 3990 1285 4054 la
1297 3987 1412 4052 buona

185 4077 369 4145 intention'
382 4089 510 4161 nostra
526 4089 560 4147 et
576 4101 596 4144 a
611 4080 656 4145 V.
676 4079 716 4144 P.
736 4075 878 4146 insieme
894 4098 959 4143 con
977 4087 1066 4144 tutta
1077 4077 1110 4143 la
1123 4075 1364 4165 Compagniac
1380 4074 1412 4142 ei

186 4166 480 4237 raccomandiamo
495 4166 744 4235 sinceramente
760 4165 794 4231 di
810 4187 901 4234 core.
920 4165 965 4233 Di
982 4167 1155 4254 Augusta,
1180 4166 1204 4232 li
1220 4187 1272 4234 xrr
1294 4165 1328 4232 di
1346 4167 1411 4234 Ot-

187 4257 288 4326 tobre
308 4271 403 4342 1557.
422 4261 476 4327 De
491 4260 535 4325 V.
554 4259 591 4327 S.
609 4277 692 4326 vero
713 4257 857 4339 fratello,

713 4347 749 4414 ln
772 4365 954 4415 canoram.
969 4365 1018 4414 aa
1041 4346 1233 4413 Aoeusrn.

192 4464 388 4476 ...n—-

241 4512 257 4546 ⁸
283 4501 343 4568 stc,
358 4464 410 4574 pro
421 4501 484 4572 qui.
492 4500 539 4543 -Β
550 4498 610 4571 Sic,
624 4514 676 4571 pro
693 4502 922 4571 augmenta—c
935 4496 1070 4567 tirohet„
1086 4493 1308 4569 Compaagnia.

244 4642 252 4674 ¹
289 4639 334 4694 Ex
347 4638 515 4709 archetypo,
530 4633 561 4690 in
573 4632 645 4689 Cori.
661 4631 708 4702 38,
732 4629 841 4704 duplici
860 4629 922 4700 fol,
936 4645 972 4700 4⁰
992 4628 1079 4700 (262).
1093 4627 1169 4684 Vide
1183 4628 1323 4702 epistolas
1339 4639 1418 4697 1245

188 4731 277 4804 hujus
289 4727 508 4802 Supplementi.

322 4853 410 4900 Error.
425 4850 453 4899 Ρ.
467 4851 569 4908 Nauae,
584 4860 641 4896 rou.
661 4847 708 4894 111.
986 4877 987 4880 η
1264 4845 1291 4889 bt
