3482 5386
677 522 845 578 Arrrsnrx

604 773 608 781 ·
685 755 834 822 XXXIX

487 885 716 943 GULIELMUS
740 885 1031 946 RUSSINOWSKY

317 1023 503 1085 JOANNl
536 1025 825 1073 FRANCISCO
859 1025 1206 1074 COMMENDONO

513 1137 691 1220 Olomutii,
710 1153 748 1220 17
761 1136 873 1205 Martii
889 1139 971 1222 1567
991 1140 1013 1204 ¹.

480 1268 526 1325 De
547 1268 673 1342 collegio
699 1269 854 1325 Societatis
881 1271 1043 1326 condendo.

213 1387 302 1450 Post
317 1385 562 1464 calamitatum,
575 1385 696 1470 quibas
711 1386 848 1452 ecclesia
863 1385 1025 1451 catlzolica
1042 1387 1162 1453 inillis
1174 1387 1373 1475 regionibus

134 1475 348 1554 vexabatur,
361 1475 571 1552 relationem,
583 1473 791 1540 desideriam
804 1496 904 1540 sunm
917 1477 1022 1540 tantis
1034 1477 1136 1542 malis
1148 1476 1374 1542 succurrendi

134 1565 270 1646 aperit,
287 1569 318 1628 et
344 1564 404 1628 ait:
419 1561 486 1647 Egi
505 1583 584 1627 mox
606 1583 683 1629 cum
707 1563 866 1629 fratribus
883 1562 1064 1632 Societatis
1080 1567 1176 1651 Jesu,
1199 1565 1374 1632 offerendo

138 1649 212 1717 illis
229 1651 314 1718 satis
329 1654 491 1718 honestos
507 1649 650 1731 reditus,
664 1651 872 1718 deducerent
888 1673 1027 1718 suorum
1044 1653 1210 1718 coloniam
1227 1654 1372 1722 Olomu-

138 1737 252 1822 cium,
275 1761 363 1825 quae
378 1738 501 1805 ciuitas
516 1749 569 1805 est
585 1739 757 1806 Morauiae
773 1739 941 1825 primaria,
961 1741 1091 1808 habens
1107 1743 1222 1808 sedem
1239 1743 1374 1828 episco-

140 1828 272 1913 palem:
291 1828 326 1895 in
342 1849 410 1914 qua
426 1847 475 1907 re,
494 1849 563 1894 non
583 1830 711 1913 absque
731 1828 928 1896 difficultate
949 1839 1062 1895 tamen
1083 1839 1118 1898 et
1134 1850 1239 1912 mora,
1254 1851 1373 1931 gesse-

142 1928 229 1983 runt
245 1916 329 1982 mihi
345 1938 484 1984 morem.
504 1916 626 1983 Habeo
641 1916 708 1982 iam
725 1919 906 1983 nonnullos
927 1917 1047 1984 iratres
1063 1918 1245 1985 societatis
1256 1941 1291 1986 ln
1307 1921 1374 1985 hoc

143 2025 244 2071 nouo
257 2005 414 2091 collegia,
428 2025 571 2088 quorum
585 2005 687 2088 aliqui
696 2027 773 2071 cum
782 2007 1025 2092 magnatructu
1033 2005 1290 2088 concionantur,
1300 2007 1374 2093 qui·

144 2095 228 2162 dam
241 2096 473 2179 juuentutem,
489 2104 556 2160 tam
567 2093 602 2158 in
617 2093 753 2178 pietate,
768 2115 868 2179 quam
881 2094 916 2160 in
928 2094 1025 2160 bonis
1037 2095 1169 2175 litteris,
1185 2096 1311 2181 optime
1323 2095 1375 2162 in·

144 2184 339 2249 stituunt...
356 2182 461 2249 Nouit
472 2185 588 2248 autem
598 2185 642 2248 D.
658 2184 701 2250 V.
716 2185 812 2262 Ill.ma
826 2183 1041 2250 Olomucium
1055 2183 1156 2250 situm
1169 2205 1244 2250 esse
1257 2187 1328 2253 fere
1339 2185 1374 2250 in

144 2272 300 2338 confinio
315 2270 500 2356 Vagariae,
520 2270 695 2350 Poloniae,
714 2271 909 2352 Bohemiae,
930 2271 1101 2351 Austriae,
1121 2272 1324 2341 Sclauoniae
1339 2285 1374 2341 et

142 2361 305 2440 Silesiae;
323 2381 366 2426 ex
382 2359 505 2443 quibus
521 2359 707 2444 prouineijs
722 2381 847 2446 magna
862 2362 943 2442 huc,
959 2371 1030 2426 tum
1043 2371 1179 2445 propter
1194 2361 1306 2428 victus
1323 2362 1371 2428 ta-

145 2449 327 2528 cilitatem,
346 2459 418 2514 tum
435 2459 570 2533 propter
586 2449 825 2516 addiscendam
837 2448 988 2534 linguam
1005 2439 1232 2534 germanicam
1244 2460 1279 2516 et
1291 2450 1374 2516 bod-

145 2538 286 2617 micam,
305 2559 448 2622 quarum
467 2548 609 2622 utraque
631 2537 819 2604 communis
839 2546 873 2604 et
895 2538 1047 2621 uulgaris
1068 2537 1123 2604 hic
1143 2549 1207 2617 est,
1226 2540 1376 2607 confluet

142 2627 317 2712 juuenum
338 2625 570 2709 frequentia...
593 2627 715 2693 domus
742 2648 802 2692 seu
827 2625 1010 2712 collegium
1031 2629 1173 2692 fratrum
1194 2625 1375 2716 societatis

148 2718 252 2783 ualde
267 2726 413 2801 angusta
431 2725 548 2780 sunt...
570 2725 744 2799 praeterea
760 2716 889 2781 nullum
912 2716 1075 2799 templum
1096 2714 1242 2802 collegio
1263 2725 1375 2782 estex

149 2827 247 2872 more
263 2803 487 2873 Societatis...
506 2805 562 2869 Aa
577 2803 712 2868 domam
729 2805 962 2889 ampliandam
975 2802 1190 2890 petitdeinde
1202 2815 1377 2874 monaste·

146 2893 242 2960 ,rium
259 2893 330 2958 diui
347 2891 518 2960 Francisci
535 2892 719 2977 collapsum
735 2891 800 2958 iam
819 2894 964 2960 maxima
980 2917 1022 2961 ex
1038 2903 1174 2977 parte...
1385 2941 1388 2949 -

221 2981 308 3047 Ibid.
321 2982 389 3068 fol.
411 2979 483 3060 168,
500 2986 548 3046 est
564 2982 703 3065 epistola
719 2981 869 3066 ejusdem
885 2984 930 3048 ad
945 2983 1108 3059 eurndem,
1128 2983 1316 3046 Cremsirio
1333 2997 1376 3064 27

119 3129 124 3144 .
152 3071 248 3157 Maji
261 3073 347 3154 1567
358 3070 449 3150 data,
462 3070 520 3134 nbi
532 3071 672 3154 gratias
687 3072 772 3156 agit,
785 3070 825 3135 cle
841 3073 1046 3136 monasterio
1060 3070 1125 3135 sibi
1144 3091 1306 3136 concessa.

221 3160 308 3225 Ibid.
321 3160 389 3246 fol.
411 3173 485 3240 170,
501 3163 550 3223 est
565 3159 702 3243 epistola
718 3159 869 3244 ejusdem
885 3161 930 3224 ad
945 3160 1108 3238 eumdem,
1128 3159 1317 3224 Cremsirio
1334 3175 1377 3224 12

146 3249 240 3336 Julii
256 3251 343 3332 1567
359 3249 449 3326 data,
466 3248 504 3312 in
525 3269 592 3332 qua
605 3248 747 3334 gratias
767 3249 892 3312 iterum
914 3250 1000 3334 agit,
1017 3253 1048 3312 et
1059 3248 1143 3332 petit
1158 3252 1195 3312 at
1210 3249 1377 3312 concessio

150 3339 355 3404 monasterii
371 3337 445 3402 sine
466 3337 654 3400 conditione
663 3335 732 3420 fiat
747 3359 768 3400 a
789 3335 959 3420 pontifice.
987 3346 1039 3400 1.ss
1060 3335 1196 3400 tandem
1223 3335 1376 3401 Octobris

153 3430 241 3511 1567
253 3427 342 3491 idem
358 3425 464 3490 eidem
476 3425 615 3508 scripsit
626 3425 666 3489 ale
679 3427 925 3510 acquiescentia
936 3425 1163 3510 provincialis
1173 3425 1377 3512 francisca-

147 3516 239 3582 lium
250 3515 475 3601 probabiliter
495 3514 687 3580 obtinenda.

737 3685 799 3749 XL

539 3815 572 3870 P.
593 3812 835 3872 LEONARDUS
855 3815 1001 3870 XESSEL

439 3951 600 4000 SANcTo
624 3951 859 4000 FRANmsco
887 3953 942 3999 aa
965 3951 1095 4013 BORJA

512 4065 687 4146 Coloniae,
711 4085 724 4132 1
744 4064 872 4151 Aprilis
893 4068 976 4150 1567
998 4067 1023 4133 ¹.

465 4199 512 4255 De
534 4199 656 4273 collegii
676 4199 853 4254 coloniensis
876 4198 1066 4254 lustratione.

221 4319 417 4386 Admodum
437 4317 529 4386 Rde.
558 4315 594 4382 in
615 4314 753 4384 Christo
776 4317 890 4382 Pater:
916 4318 981 4382 hoc
997 4337 1114 4384 mense
1130 4315 1254 4384 Martio
1272 4313 1382 4380 adluit

210 4523 219 4556 ¹
257 4521 300 4575 Ex
314 4522 483 4592 archetypo,
497 4521 528 4576 in
541 4519 609 4575 cod.
627 4519 726 4574 Vatic.
744 4517 857 4575 Lettere
869 4519 906 4574 de
913 4519 1060 4592 principi,
1071 4531 1115 4588 27,
1128 4518 1178 4573 fol.
1193 4517 1243 4572 166
1253 4524 1285 4573 et
1298 4533 1383 4588 seqq.

155 4608 234 4665 Vide
247 4608 336 4682 epist.
355 4608 418 4680 413,
433 4627 462 4666 n.
478 4621 504 4678 1;
517 4620 580 4680 417,
594 4627 628 4665 n.
644 4620 672 4677 7;
686 4621 748 4679 419,
764 4625 796 4662 n.
814 4620 839 4676 13
852 4621 916 4676 4243
930 4606 994 4680 432,
1008 4625 1037 4662 n.
1051 4621 1078 4678 25
1092 4613 1124 4662 et
1136 4605 1199 4676 443,
1215 4625 1248 4661 n.
1267 4619 1296 4662 1.

199 4701 223 4734 ·¹
260 4699 304 4754 Ex
318 4699 508 4771 autographo,
525 4699 555 4753 in
570 4697 643 4754 Cod.
657 4711 696 4767 29
706 4697 755 4770 g),
770 4695 822 4766 273
832 4695 918 4767 (486).
933 4696 1009 4752 Vide
1022 4697 1110 4769 epist.
1123 4695 1186 4768 4⁶⁶3
1198 4704 1230 4752 et
1238 4695 1304 4768 469,
1314 4713 1333 4750 ιι
1355 4710 1385 4764 4.
