3482 5386
668 515 834 571 Arraxnrx
1273 526 1325 589 771

127 667 212 754 quid
228 666 360 735 scilicet
378 668 552 754 agendum
571 668 670 748 foret,
685 666 713 734 si
730 668 785 735 uel
803 668 958 736 auicinis
970 670 1181 759 principibus
1192 671 1248 738 vel
1259 693 1365 759 repu-

131 757 221 824 blica
239 757 385 842 spirensi
397 756 500 822 huius
513 757 626 843 operis
638 777 742 822 causa
754 759 879 824 malum
893 771 1083 844 pararetur,
1098 762 1183 828 adeo
1198 771 1237 826 ut
1249 762 1363 830 eccle-

131 847 183 913 sia
197 844 362 932 spirensis
378 856 438 911 aut
453 847 566 912 clerus
581 846 699 912 saluus
720 867 796 913 esse
817 869 885 914 non
909 846 1078 914 sineretur
1098 859 1237 935 propter
1252 848 1361 917 intro-

133 937 271 1001 ductam
289 933 507 1002 Societatem.
527 936 605 1001 Hoc
621 933 685 1003 etsi
701 933 875 1019 probabile
888 957 956 1002 non
970 936 1014 1002 sit
1030 937 1244 1005 aduersarios
1255 960 1363 1005 cona-

135 1035 246 1102 turos,
266 1035 379 1091 tamen
396 1021 476 1108 quia
496 1023 675 1108 plerosque
695 1021 815 1105 mouit,
834 1023 1002 1108 explicare
1022 1025 1204 1094 uoluimus.
1225 1029 1358 1107 Patres,

134 1112 270 1198 saepius
293 1113 359 1176 iam
384 1111 565 1192 nominati,
584 1112 848 1196 responderunt,
871 1123 906 1178 et
928 1114 1128 1181 charitatem
1152 1126 1187 1183 et
1209 1115 1359 1182 officium

132 1201 284 1288 ipsorum
301 1203 424 1268 docere
440 1199 475 1266 in
493 1200 550 1266 tali
566 1222 649 1266 casu
664 1199 854 1266 cedendum
876 1202 982 1268 furori
1003 1213 1037 1268 et
1059 1213 1249 1288 temporum
1267 1203 1359 1288 inju-

134 1289 215 1370 riae,
234 1312 347 1374 neque
363 1289 405 1354 ad
427 1290 624 1355 saluandam
649 1299 777 1373 partem
801 1299 910 1355 totum
932 1291 1084 1358 interitui
1104 1293 1356 1377 exponendum,

129 1399 238 1464 seque
253 1378 338 1444 nihil
354 1377 510 1443 dubitare
527 1379 570 1444 V.
591 1380 631 1443 P.
650 1376 834 1443 identidem
855 1375 1098 1462 iudicaturam,
1117 1391 1151 1449 et
1167 1391 1358 1467 promptam

131 1471 294 1546 futuram,
314 1477 352 1532 ut
368 1466 550 1551 collegium
567 1465 804 1544 disolueretur,
823 1465 852 1532 si
869 1469 961 1533 nulla
981 1489 1060 1552 spes
1081 1468 1228 1537 melioris
1249 1479 1359 1537 status

131 1567 344 1642 superesset,
366 1555 484 1638 sicque
505 1555 638 1640 Spiram
659 1554 876 1639 relinqueret.
901 1557 978 1622 Hoc
999 1557 1110 1641 ipsum
1131 1579 1215 1644 ergo
1238 1559 1358 1625 ultimo

129 1645 203 1712 loco
221 1645 370 1729 petimus
385 1655 488 1727 atque
504 1643 702 1728 excipimus
721 1643 818 1709 Alias
834 1664 894 1727 per
910 1666 972 1711 nos
988 1645 1075 1710 firmi
1089 1658 1190 1713 erunt
1203 1647 1359 1731 promissi

130 1734 297 1812 redditus,
316 1745 350 1801 et
367 1731 561 1798 institutum
578 1735 656 1810 hoc,
676 1733 770 1815 quod
786 1733 890 1798 semel
907 1731 941 1797 in
958 1735 1109 1818 generali
1130 1745 1248 1801 nostro
1264 1735 1358 1822 capi-

131 1823 204 1888 tulo
214 1821 445 1901 decreuimuS,
457 1821 680 1887 confirmante
690 1822 787 1887 Rmo,
803 1820 961 1905 episcopo
973 1833 1100 1904 nostr0,
1113 1835 1147 1888 et
1160 1825 1301 1890 nuch.
1312 1828 1351 1890 P.

131 1911 328 1977 scribimus.
349 1911 426 1976 Hoc
442 1909 555 1993 itaque
571 1910 681 1975 solum
698 1920 865 1993 superest,
882 1919 918 1974 ut
931 1912 972 1975 T.
988 1913 1027 1976 P.
1044 1911 1209 1979 ecclesiae
1222 1923 1358 1980 nostrae

133 1999 374 2067 necessitatem
386 1999 571 2076 intueatur,
585 2019 626 2063 ac
639 1997 742 2064 totius
754 1996 959 2069 Germaniae
971 1999 1196 2065 calamitatem
1209 2000 1264 2085 pie
1275 2023 1359 2066 con-

133 2089 279 2166 sideret,
302 2109 404 2176 quam
428 2087 526 2174 pauci
551 2087 676 2171 ubique
700 2086 860 2172 operarij,
883 2108 985 2171 quam
1009 2110 1128 2172 parum
1152 2089 1269 2157 fideles
1292 2090 1359 2157 Dei

133 2177 224 2244 serui
242 2175 467 2260 reperiantur,
486 2174 544 2259 qui
560 2175 715 2260 exemplo
731 2173 830 2240 simul
847 2195 886 2240 ac
903 2175 1057 2241 doctrina
1074 2176 1207 2262 pietatis
1219 2199 1359 2244 causam

132 2275 372 2352 promoueant,
391 2265 469 2330 fidei
486 2261 640 2330 hostibus
657 2285 694 2329 se
710 2273 897 2350 opponant,
916 2285 1003 2348 quae
1015 2267 1098 2350 Jesu
1116 2265 1243 2331 Christi
1260 2278 1354 2348 sunt,

130 2365 312 2440 quaerant.
332 2353 498 2438 Equidem
514 2353 548 2417 in
565 2351 771 2421 Societatem
792 2362 941 2419 uestram
962 2363 996 2419 et
1017 2375 1078 2418 nos
1101 2353 1175 2438 (qui
1191 2356 1234 2420 D.
1254 2355 1356 2422 Lam-

129 2445 217 2512 berti
235 2445 272 2510 in
289 2441 458 2509 catholica
472 2440 627 2507 doctrina
643 2440 805 2507 tradenda
818 2440 942 2508 ardens
953 2441 1103 2507 studium
1117 2452 1152 2507 et
1164 2441 1255 2510 uitae
1267 2443 1364 2512 inte-v

129 2533 294 2620 gn'tatem
310 2530 518 2597 sufficienter
531 2530 768 2598 commendare
780 2550 849 2594 non
862 2531 1053 2614 possumus)
1067 2540 1101 2597 et
1113 2530 1194 2596 boni
1206 2531 1358 2615 plerique

132 2643 256 2688 omnes
294 2621 412 2686 oculos
450 2618 649 2703 conijciunt,
683 2619 832 2684 animum
872 2620 1099 2702 affectumque
1137 2631 1356 2700 conuertunt,

132 2721 251 2777 amant
269 2729 413 2793 syncere
429 2707 633 2787 institutum,
652 2706 799 2791 indeque
814 2705 976 2772 auxilium
993 2717 1142 2790 sperant,
1162 2707 1245 2774 uisis
1262 2711 1359 2776 labo-

133 2801 229 2866 ribus
246 2809 282 2865 et
299 2799 412 2863 fructu
432 2818 499 2862 non
521 2795 726 2881 poenitendo
747 2806 885 2879 totaque
906 2796 1109 2880 procedendi
1126 2797 1269 2866 ratione.
1287 2800 1359 2865 Nos

135 2898 254 2955 uestra
270 2907 374 2970 opera
394 2905 536 2971 gregem
558 2884 655 2949 nobis
676 2883 894 2950 commissum
915 2905 984 2949 non
1006 2884 1202 2951 dubitamus
1222 2885 1257 2952 in
1280 2887 1361 2955 reli-

134 2978 242 3064 gione
260 2974 351 3041 auita
368 2985 402 3041 et
417 2995 550 3039 morum
568 2972 735 3057 probitate
751 2972 949 3038 iuuandum.
969 2974 1085 3056 Atque
1106 2975 1197 3040 hanc
1218 2976 1262 3039 ob
1278 2997 1360 3041 cau-

134 3089 207 3133 sam
230 3075 268 3132 et
288 3063 435 3146 petimus
462 3073 497 3127 et
523 3083 697 3146 rogamus
717 3083 759 3126 ne
786 3061 921 3146 optimis
945 3062 1130 3146 desyderijs
1154 3073 1188 3129 et
1211 3063 1362 3148 consilijs

134 3153 339 3236 necessarijs
355 3153 474 3218 deesse
490 3150 614 3230 uelitiS,
632 3152 694 3217 sed
705 3171 850 3217 messem
864 3152 952 3215 hane
964 3160 1155 3234 acceptare,
1173 3161 1220 3230 et,
1238 3173 1361 3236 quem·

133 3242 320 3311 admodum
349 3239 383 3304 in
412 3239 486 3323 alijs
512 3237 712 3325 regionibus
728 3237 853 3318 facitiS,
873 3237 1044 3316 excolere,
1063 3250 1096 3305 et
1112 3238 1249 3305 Christo
1266 3239 1361 3306 ferti·

132 3334 201 3400 lem
219 3330 332 3416 magis
348 3329 526 3414 magisque
542 3329 695 3408 reddere3
714 3328 806 3411 quod
822 3325 961 3392 omnino
979 3327 1142 3391 facturam
1160 3329 1200 3393 T.
1220 3330 1276 3405 P.,
1295 3349 1363 3412 qua

130 3433 186 3490 est
203 3440 289 3498 erga
306 3417 433 3486 Christi
449 3438 587 3483 causam
603 3426 637 3482 et
653 3415 856 3482 Germaniae
872 3415 1014 3482 salutem
1037 3415 1204 3482 charitate
1225 3419 1359 3497 affecta,

131 3507 354 3576 confidimus.
374 3509 600 3590 Responsum,
619 3525 781 3570 unacum
797 3503 965 3568 mandatis
977 3503 1018 3568 ad
1031 3504 1205 3569 dominum
1222 3505 1363 3590 prouin-

134 3599 258 3666 cialem
276 3599 477 3674 rhenanum,
496 3603 727 3678 expectamus,
748 3602 785 3657 ut
802 3591 909 3676 primo
926 3604 1076 3675 tempore
1092 3591 1225 3658 initium
1242 3595 1363 3660 demus

136 3687 313 3774 plantulae
329 3684 421 3764 huic,
440 3704 542 3767 quam
559 3681 715 3750 coelestis
731 3680 881 3766 agricola
898 3680 1064 3764 respicere
1081 3703 1214 3766 semper
1230 3682 1325 3762 uelit,
1344 3706 1364 3748 a

133 3797 208 3860 quo
233 3775 334 3840 etiam
357 3775 397 3839 T.
425 3775 463 3838 P.
487 3773 631 3838 salutem
660 3770 800 3835 multam
824 3790 864 3835 ac
887 3769 1082 3835 diuturnam
1109 3780 1278 3854 optamus
1302 3793 1365 3838 nos

138 3885 281 3950 quoque
305 3861 455 3930 eiusdem
480 3859 637 3927 charitati
660 3859 949 3925 commendantes.
968 3859 1079 3926 Datae
1092 3859 1223 3943 Spirae,
1252 3878 1290 3942 14
1306 3861 1362 3926 die

138 3951 270 4022 mensis
288 3949 451 4036 Augusti,
471 3971 561 4014 anno
578 3971 597 4013 a
613 3958 693 4014 nato
710 3945 847 4013 Christo
858 3957 874 3988 ⁸
889 3945 984 4028 1566.

207 4044 383 4108 Decrnos
401 4059 446 4104 ET
463 4057 672 4106 eremorum
689 4055 839 4104 maronrs
857 4055 1053 4102 ecolesma
1071 4055 1257 4102 sprnsnsrs

208 4129 393 4213 Inscriptio
415 4128 452 4192 in
481 4131 605 4212 qrrorto
623 4127 783 4210 pagina:
811 4125 1013 4191 Reuerendo
1041 4123 1073 4189 in
1102 4123 1241 4190 Christo
1270 4123 1365 4190 Patri

135 4222 182 4288 D.
202 4221 230 4286 F
232 4218 386 4285 rancisco
407 4217 450 4283 de
475 4213 612 4300 Borgia,
632 4211 812 4281 Societatis
832 4215 908 4279 lesu
930 4210 1123 4296 praeposito
1143 4212 1295 4296 generali
1311 4212 1366 4278 di-

136 4307 318 4394 gnissimo,
332 4304 441 4370 amico
453 4315 584 4383 nostm,
599 4301 700 4368 unice
713 4301 868 4369 colendo
884 4302 1021 4368 Romae.
1040 4301 1119 4366 Alia
1131 4322 1250 4367 manu:
1267 4301 1363 4384 1566.

132 4395 270 4484 Spirae.
290 4397 451 4462 Decanus
471 4401 506 4460 et
526 4391 725 4477 capitulum.
753 4409 792 4471 14
812 4388 975 4476 Augusti.
999 4389 1111 4456 Manu
1135 4392 1180 4456 P.
1207 4391 1367 4456 Polorrci.

133 4484 337 4570 Capitulum
355 4481 519 4551 ecclesiae
536 4479 708 4567 spirensis.
724 4479 844 4566 Sigilli
859 4479 1055 4566 vestigium.

198 4701 216 4735 ί
246 4690 380 4756 Archet,
397 4640 522 4742 Christi.
