3564 5380
644 540 902 598 superarentur
1297 539 1355 608 853⁴

231 695 275 762 V.
294 695 336 761 R.
355 693 469 761 reciba
484 694 516 760 la
536 695 649 762 buena
669 694 846 775 voluntad,
869 716 891 778 y
912 703 1016 779 tenga
1032 693 1194 762 memoria
1213 693 1256 761 de
1280 698 1325 760 ml
1343 717 1386 760 en

166 805 225 850 sus
240 782 429 864 oraciones,
447 804 589 869 porque,
608 805 652 868 ya
664 804 731 868 que
746 794 844 868 estoy
859 783 891 848 al
908 783 993 848 cabo
1009 783 1051 850 de
1066 782 1099 850 la
1106 782 1262 868 jornada,
1282 794 1391 869 tengo

165 872 273 942 dellas
287 874 414 938 mucha
429 871 628 938 necessidad
644 894 667 957 y
681 873 725 938 de
740 873 790 938 las
811 871 854 940 de
870 872 951 938 todo
966 892 1041 938 esse
1061 883 1160 940 santo
1180 871 1337 958 collegio,
1356 873 1388 937 al

165 961 244 1047 qual
256 961 569 1028 entranablemente
585 982 640 1028 me
655 960 890 1041 encomieudo,
907 982 930 1046 y
946 981 1027 1046 sepa
1043 961 1087 1028 V.
1111 963 1152 1028 R.
1176 981 1243 1045 que
1259 981 1326 1027 vno
1343 962 1390 1027 de

163 1050 216 1117 los
231 1070 388 1135 mayores
404 1048 536 1136 amigos
551 1072 574 1134 y
588 1049 711 1135 padres
731 1070 798 1135 que
818 1051 862 1116 he
890 1049 1005 1116 tenido
1020 1071 1062 1116 en
1085 1050 1117 1116 la
1139 1051 1326 1136 Compafria
1338 1052 1390 1126 ,ha

163 1138 239 1206 sido
252 1160 293 1204 su
322 1144 380 1220 tio;
398 1161 420 1223 y
436 1159 498 1225 por
518 1159 575 1208 ese
599 1148 756 1224 respecto
782 1160 837 1206 me
858 1136 947 1206 deue
967 1139 1069 1206 hazer
1089 1159 1208 1224 mayor
1235 1138 1387 1204 caridad.

163 1231 218 1296 De
234 1226 381 1309 Madrid,
401 1245 443 1312 23
458 1228 501 1293 de
518 1226 675 1296 Octubre
695 1227 790 1309 1607.

712 1318 837 1383 Panno
862 1336 910 1383 uu
933 1316 1207 1383 Rrsnnauarna.

231 1405 289 1488 Ay
305 1405 417 1472 emblo
433 1404 465 1468 la
480 1403 627 1470 relacion
641 1424 708 1487 que
720 1405 752 1471 el
763 1405 856 1472 buen
873 1406 913 1470 Ρ.
932 1403 1170 1489 Ribadenayra
1180 1425 1234 1471 me
1247 1403 1350 1483 dicto,
1366 1427 1391 1488 y

163 1513 209 1579 yo
226 1496 371 1574 escreui,
394 1515 416 1577 y
432 1513 473 1558 su
494 1492 703 1560 Reverencia
718 1494 752 1561 la
766 1493 874 1559 firmo
891 1491 929 1564 Si
945 1495 1069 1560 manda
1084 1509 1158 1559 otra
1174 1514 1255 1559 cosa
1270 1495 1312 1560 V.
1329 1494 1389 1573 R„

165 1585 247 1667 aqui
262 1592 361 1666 estoy
376 1602 459 1668 para
473 1580 626 1648 seruirle.

789 1670 1025 1738 Cunrsrounr.
1049 1671 1168 1738 Lorsz
1187 1673 1210 1736 ¹.

615 1991 941 2059 CATALOGUS

355 2129 635 2189 EPISTOLARUM
654 2131 828 2187 NATALIS
847 2131 924 2187 VEL
943 2131 998 2185 AD
1018 2130 1209 2186 NATALEM

257 2269 291 2312 ur
309 2267 375 2312 troc
392 2268 497 2313 ossas
513 2267 829 2327 aarsrraurssraurr,
847 2268 889 2310 ao
907 2268 995 2322 Quor>
1013 2268 1095 2311 arisi
1113 2269 1231 2312 annas
1248 2269 1308 2311 var

642 2355 793 2402 aurnuns
810 2357 881 2402 srur
896 2347 919 2401 ².

240 2487 268 2536 1.
316 2467 458 2549 Natalis,
477 2491 519 2535 ex
535 2466 773 2535 commissione
789 2471 825 2537 S.
841 2466 976 2554 Ignatii,
991 2471 1032 2537 Β.
1046 2467 1196 2552 Canisio,
1214 2471 1354 2552 Rornae,
1370 2491 1390 2538 2

163 2561 247 2647 Jun.
269 2558 365 2641 1546.
385 2556 497 2623 Edidit
513 2560 667 2638 Hansen‚
686 2557 892 2624 erainisclw
907 2558 1026 2638 Akten,
1041 2579 1122 2644 pag.
1142 2575 1195 2642 57.

237 2665 269 2712 2.
317 2645 459 2728 Natalis,
477 2649 513 2715 S.
532 2645 676 2732 Ignatio,
695 2649 885 2727 Messanae,
908 2665 947 2713 10
963 2646 1090 2733 Aprilis
1115 2648 1211 2730 1548.
1235 2647 1334 2714 Edita
1355 2649 1389 2714 in

168 2737 252 2804 Litt.
274 2735 471 2818 Quadrim„
487 2737 514 2813 Ι,
532 2753 588 2823 49.

236 2843 268 2909 3.
316 2824 458 2904 NataliS,
489 2825 526 2892 S.
556 2822 701 2911 ignatio,
731 2825 920 2904 Messanae,
949 2833 1029 2892 ante
1054 2825 1092 2891 18
1113 2824 1266 2910 Augusti
1292 2827 1387 2909 1548.

169 2912 269 2980 Edita
285 2913 320 2978 in
337 2914 419 2978 Lirt.
442 2913 639 2996 Quadrim„
656 2914 682 2992 I,
705 2913 765 2995 138
782 2913 806 2977 ³.

235 3020 266 3084 4.
312 3001 454 3080 NataliS,
474 3003 510 3069 S.
530 3000 674 3088 Ignatio,
694 3004 884 3082 Messanae,
907 3020 919 3067 1
940 3000 1145 3069 Novembris
1171 3002 1266 3086 1548.
1290 3003 1391 3071 Edita

167 3091 203 3157 in
220 3092 301 3157 Litt.
325 3090 522 3173 Quadrim„
539 3092 564 3169 Ι,
588 3109 660 3176 119.

235 3195 267 3262 5.
315 3179 460 3258 Natalis,
479 3180 515 3246 S.
535 3179 680 3264 Ignatio,
699 3181 887 3258 Messanae,
902 3198 1018 3244 mense
1031 3178 1225 3246 Novembre
1238 3179 1273 3264 (ἒ)
1291 3181 1387 3263 1548.

168 3267 267 3334 Edita
283 3268 318 3333 in
336 3269 417 3334 Litt.
440 3268 636 3350 Quadrim„
654 3268 680 3348 I,
702 3285 775 3351 119.

235 3358 269 3426 6.
316 3354 458 3435 Natalis,
488 3358 524 3424 S.
548 3355 692 3442 ignatio,
719 3357 908 3433 Messanae,
934 3374 1051 3420 mense
1074 3356 1263 3422 Decembre
1291 3357 1389 3438 1548.

167 3448 329 3530 Quatuor
344 3445 559 3530 epistolarum
578 3453 748 3528 excerpta.
768 3442 867 3508 Edita
882 3442 918 3508 in
933 3445 1016 3512 Lar.
1042 3443 1239 3525 Quadrirn„
1260 3445 1286 3524 Ι,
1314 3461 1388 3528 125.

169 3579 380 3590 a———u

221 3644 229 3676 ¹
269 3643 370 3697 Frater
382 3639 608 3712 Christophorus
620 3640 727 3711 Lopez,
741 3647 822 3694 ortus
832 3639 862 3694 in
873 3638 979 3710 oppido
990 3639 1157 3694 Palomares
1171 3657 1247 3694 anno
1260 3653 1337 3711 1552,
1350 3642 1393 3696 in·

167 3748 287 3790 uressus
309 3729 339 3786 in
362 3729 540 3784 Societatem
563 3747 639 3784 anno
665 3741 743 3797 1572,
766 3727 933 3799 coadjutor.
956 3727 1012 3782 iuit
1034 3728 1131 3783 socius
1154 3735 1184 3783 et
1205 3731 1393 3786 amanuensis

170 3823 201 3876 Ρ.
215 3819 296 3875 Petri
309 3819 345 3874 de
358 3818 554 3874 Ribadeneira
566 3816 601 3872 33
614 3818 708 3872 annis.
723 3816 846 3890 Scripsit
859 3819 941 3889 plura
955 3817 1105 3889 hispanico
1122 3835 1268 3887 sermone,
1282 3818 1312 3873 in
1330 3819 1391 3891 qui·

167 3915 223 3966 bus
237 3909 356 3982 speciali
370 3907 509 3962 memoria
522 3907 610 3977 digua
623 3906 740 3962 videtur
752 3906 889 3962 historica
903 3908 1039 3978 narratio,
1052 3907 1100 3961 cui
1114 3907 1226 3961 titulus:
1247 3909 1389 3964 Reiocidn

165 4003 202 4055 rte
211 4001 244 4054 la
251 3997 360 4069 forma
371 4013 427 4067 que
439 4013 469 4051 se
481 4000 552 4050 ruvo
573 4013 610 4050 en
623 3996 748 4050 lracerel
760 3999 875 4050 reirato
888 3996 924 4050 de
936 3999 1058 4059 rruestro
1079 4001 1165 4049 santo
1182 3997 1282 4051 Padre
1300 3997 1391 4070 lgna·

166 4091 223 4144 cio.
244 4087 315 4141 Eam
325 4084 434 4140 editam
443 4086 534 4139 habes
547 4085 578 4139 in
593 4083 704 4138 Curias
724 4084 760 4138 de
774 4084 804 4138 S.
824 4084 960 4155 ignatio,
981 4085 1003 4152 I,
1023 4085 1151 4153 405-416.
1175 4084 1221 4140 Cf.
1245 4086 1391 4141 801111111-

167 4188 285 4246 106111,
297 4175 348 4245 IV,
362 4187 441 4244 1940,
460 4173 511 4226 ubi
528 4172 584 4227 alia
596 4173 705 4243 scripta
726 4171 824 4226 fratris
846 4172 944 4244 Lopez
957 4173 1097 4245 reperies;
1112 4175 1185 4228 hanc
1199 4181 1296 4229 autem
1311 4177 1390 4230 lucu·

169 4265 333 4321 orationem
350 4262 584 4335 praetermissam
598 4262 752 4317 mirabere.
766 4261 842 4316 Vide
853 4261 941 4316 etiam
955 4263 1053 4330 Pura,
1067 4263 1203 4318 Historia
1221 4266 1263 4318 du
1280 4265 1318 4318 Ρ.
1338 4265 1389 4318 Ri-

167 4355 347 4423 badeneyra,
361 4368 449 4423 pagg.
464 4363 512 4419 241
529 4359 560 4406 et
573 4363 635 4418 242.

219 4445 232 4476 ¹
268 4439 345 4495 Vide
357 4439 435 4496 dicta
447 4439 477 4494 in
492 4439 587 4510 Epist.
601 4439 719 4506 Natat„
739 4437 763 4510 1,
781 4451 845 4492 xxr.
864 4439 897 4494 In
921 4437 993 4493 duas
1016 4446 1113 4510 partes
1131 4441 1208 4494 hunc
1225 4442 1390 4512 catalogum

167 4532 348 4604 dispescere,
360 4527 501 4584 claritatis
513 4529 618 4598 gratia,
631 4528 727 4582 visum
741 4535 796 4582 est.
812 4527 909 4581 Primo
922 4529 986 4582 loco
998 4527 1111 4583 litteras
1124 4528 1153 4583 in
1166 4529 1290 4584 diversis
1308 4530 1391 4588 libris

164 4622 225 4694 jam
238 4619 342 4684 editas,
356 4616 463 4674 deinde
477 4633 546 4672 vero
559 4616 687 4672 edendas
701 4633 737 4672 ex
750 4617 882 4687 Regesto
897 4614 981 4688 (Cod.
996 4615 1046 4687 19)
1061 4634 1260 4673 recensemus.

221 4709 232 4743 ³
269 4709 315 4764 De
327 4705 388 4778 die,
400 4723 458 4780 qua
469 4708 542 4764 haec
555 4704 678 4776 epistole
690 4704 758 4762 data
770 4713 825 4762 est.
841 4704 883 4760 cf.
900 4705 1000 4778 Epist.
1015 4705 1132 4778 Notat„
1147 4705 1170 4780 1,
1186 4706 1231 4778 53,
1246 4715 1345 4764 annot.
1364 4721 1389 4763 1.
