3456 5386
600 495 618 553 7
636 482 714 550 urm
734 481 802 552 1566
1227 483 1278 541 113

129 641 178 708 Del
190 640 245 708 fine
257 639 341 706 della
356 635 449 704 dieta
460 635 491 702 si
506 637 675 721 aspettara
690 635 724 702 lo
739 635 848 717 auiso,
862 647 898 703 et
909 639 1019 706 anche
1030 637 1119 706 della
1134 636 1235 704 uisita
1247 640 1312 706 che

130 759 228 822 haueri
240 755 317 822 latto
332 754 377 820 V.
397 753 440 820 R.
459 750 495 816 in
510 749 663 837 Dilinga.

181 889 207 942 2.
246 871 281 938 ln
302 867 444 955 Pariggi
465 888 535 936 non
554 887 702 952 possono
722 887 861 934 mancar
881 867 925 937 de
944 867 1127 936 cominciar
1147 889 1195 935 un
1215 890 1314 938 corso

132 997 223 1072 quero
235 994 395 1064 autunno,
413 995 450 1049 et
469 983 627 1050 hauendo
647 981 793 1069 bisogno
813 983 846 1048 d'
869 1005 917 1058 un
938 985 1060 1053 lettore
1078 983 1138 1071 pid
1152 987 1217 1052 che
1240 1007 1313 1053 me-

130 1101 282 1180 dicerene
300 1100 372 1164 loro
387 1099 411 1163 l’
429 1101 545 1164 hanno
565 1097 612 1176 la,
631 1098 675 1163 ne
695 1096 752 1163 noi
773 1097 807 1165 lo
828 1107 984 1165 trouamo
999 1119 1083 1184 qua3
1102 1111 1136 1168 et
1152 1100 1233 1186 perd
1248 1104 1276 1167 s'
1294 1103 1314 1169 ὁ

128 1219 192 1282 fatu
199 1213 385 1282 risolutione
396 1213 433 1278 di
445 1213 587 1280 mandar
598 1214 699 1280 Mtro.
710 1212 842 1300 Jacobo
854 1213 1070 1296 Valentiano,
1084 1217 1148 1282 che
1164 1216 1268 1302 legge
1279 1216 1315 1283 in

92 1309 97 1322 ⁵
127 1331 249 1418 Dilinga,
265 1329 350 1396 etin
372 1329 451 1395 loco
466 1327 500 1393 di
521 1349 612 1408 ess0‚
634 1327 663 1394 si
679 1327 803 1394 manda
823 1329 926 1396 Mtro.
945 1328 1085 1398 Simone
1100 1329 1272 1399 leodiense
1291 1335 1313 1412 ¹,

125 1457 225 1530 quanto
237 1445 299 1512 alla
313 1441 466 1510 dothina
481 1441 568 1510 assai
583 1441 786 1524 sufficiente3
802 1464 857 1510 ma
869 1445 992 1530 perche
1004 1465 1131 1530 pareua
1145 1447 1188 1512 ad
1200 1446 1314 1512 alcuni

125 1559 255 1645 diquesti
269 1559 384 1638 Padri,
403 1561 469 1624 che
485 1556 594 1643 pohia
608 1577 722 1623 essere
738 1557 833 1625 detto
854 1549 955 1626 Mtro.
974 1557 1092 1627 Simon
1115 1581 1185 1626 non
1199 1559 1315 1628 finisse

126 1675 234 1743 iloorso
248 1675 390 1760 (benche
405 1675 427 1741 ὲ
442 1673 486 1739 da
501 1693 616 1758 sperar
628 1673 662 1737 lo
674 1671 795 1757 linira),
810 1671 839 1738 si
851 1674 975 1740 manda
990 1693 1115 1741 ancora
1130 1677 1232 1743 Miro,
1248 1677 1318 1742 Ro-

127 1791 221 1858 berto'
236 1789 419 1868 leodiense,
434 1787 529 1855 accio
544 1787 581 1854 in
595 1796 721 1854 euento
738 1788 803 1855 che
818 1787 866 1853 lui
874 1787 1122 1858 maltro-letter
1136 1789 1317 1874 mancassi,

128 1927 204 1990 possa
217 1905 375 1990 supplire,
394 1903 418 1970 il
434 1905 498 1971 che
514 1904 624 1971 anche
639 1905 738 1988 porra
755 1903 826 1969 sare
841 1903 930 1970 nella
941 1903 1062 1970 lettion
1074 1903 1108 1968 di
1120 1924 1227 1990 greco
1239 1915 1274 1970 et
1286 1905 1320 1971 di

128 2019 266 2087 rhetorica
285 2018 341 2086 alli
362 2017 515 2104 bisogni,
536 2039 593 2084 ma
619 2018 763 2084 iacendo
786 2017 807 2082 l’
832 2016 947 2083 ufficio
974 2039 1038 2083 suo
1065 2021 1167 2085 Mtro.
1187 2019 1319 2102 Simon,

129 2155 201 2202 come
214 2155 367 2220 speramo
381 2133 416 2198 lo
432 2132 515 2212 fara,
535 2135 636 2200 Mtro.
656 2132 808 2200 Roberto
828 2134 926 2216 petra
946 2130 1099 2218 seguitar
1119 2133 1143 2198 il
1162 2155 1227 2200 suo
1246 2145 1321 2201 stu·

129 2248 209 2314 diodi
224 2247 404 2334 theologia3
423 2259 459 2314 et
473 2247 633 2315 hauendo
648 2267 669 2312 a
684 2245 819 2332 partirsi
834 2246 859 2313 il
875 2249 915 2314 P.
936 2246 1051 2314 Pietro
1064 2251 1245 2334 hungaro⁸
1261 2269 1323 2336 per

130 2365 145 2428 l'
157 2365 290 2445 Austris,
308 2385 408 2431 come
423 2365 444 2432 e
459 2373 549 2430 stato
565 2383 756 2448 promesso,
775 2371 872 2429 tanto
886 2363 945 2449 piri
957 2362 1184 2433 conueniente
1196 2386 1323 2451 pareua

129 2479 320 2547 sinmdassi
344 2481 447 2546 Mtr0.
473 2479 652 2558 Roberto,
668 2497 728 2562 per
752 2477 882 2564 supplir
905 2477 961 2544 alli
983 2477 1133 2565 bisogni,
1157 2499 1254 2546 come
1277 2483 1323 2546 ho

130 2593 211 2661 detto.
812 2685 815 2690 .

180 2729 206 2793 3.
248 2711 327 2777 IlP.
343 2711 435 2776 Paez
448 2709 472 2788 ⁴,
487 2718 686 2794 portugese,
701 2706 730 2773 si
742 2708 867 2773 manda
879 2709 988 2775 anche
1001 2727 1060 2792 per
1073 2709 1214 2795 leggere
1227 2713 1325 2779 theo-

132 2823 210 2909 logia,
226 2827 346 2911 perche
362 2825 394 2890 ci
410 2846 469 2893 era
480 2833 570 2890 stato
585 2821 704 2889 scritto
716 2825 779 2889 che
795 2821 829 2889 in
843 2823 949 2909 luogo
961 2823 1017 2889 del
1029 2823 1145 2890 dottor
1162 2827 1286 2894 Torres
1300 2827 1324 2906 ⁸,

132 2939 174 3024 gii
184 2953 304 3008 stracco
319 2951 354 3007 et
369 2939 528 3018 debbole,
546 2937 780 3007 conuerrebbe
795 2937 824 3004 si
841 2939 1011 3006 mandassi
1027 2961 1075 3005 un
1091 2940 1176 3007 altro
1192 2943 1326 3008 theolo-

132 3075 174 3138 go,
188 3067 218 3123 et
230 3057 321 3124 detto
339 3058 378 3121 P.
400 3059 490 3122 Paez
505 3056 551 3120 ha
566 3055 696 3120 hauuto
716 3052 841 3138 special
863 3052 1082 3122 inclinatione
1098 3055 1154 3121 all'
1171 3059 1277 3122 andar
1292 3055 1326 3122 in

133 3167 299 3238 Gemania.

182 3305 209 3367 4.
252 3287 317 3354 Gia
332 3307 415 3373 pare
430 3284 480 3351 sia
496 3293 610 3370 tempo
625 3282 669 3350 de
688 3283 830 3350 mandar
851 3283 962 3350 alcuni
984 3284 1096 3351 lettori
1112 3284 1148 3350 in
1165 3285 1290 3353 Plozca
1302 3288 1328 3368 ⁶,

135 3398 169 3464 dil
180 3403 234 3469 che
250 3403 284 3470 fu
299 3401 419 3469 scritto
435 3401 467 3466 al
484 3401 523 3466 P.
543 3397 651 3466 Lanoi
667 3397 701 3464 in
718 3398 931 3484 particolare;
946 3421 1002 3466 ma
1017 3421 1087 3467 non
1103 3400 1253 3486 sapiamo
1270 3424 1331 3467 an-

136 3531 196 3581 cora
209 3519 266 3584 che
281 3515 405 3583 habbia
421 3515 576 3583 riceuuto
596 3514 675 3599 quel
696 3513 803 3580 auiso.
824 3513 894 3598 Qui
914 3513 943 3580 si
967 3516 1090 3581 manda
1111 3516 1144 3581 la
1164 3515 1262 3602 copia
1278 3517 1332 3584 del

138 3629 274 3713 capitulo,
295 3631 391 3700 accii>
410 3632 456 3698 V.
480 3631 537 3710 R,
559 3628 718 3697 andando
736 3629 786 3710 la,
808 3649 829 3695 o
856 3651 939 3697 uero
962 3629 1159 3710 scriuendo,
1180 3632 1202 3696 l’
1224 3631 1334 3697 ordini

139 3746 270 3826 quelche
284 3751 329 3814 ha
343 3747 388 3812 da
405 3745 488 3813 iare.
508 3747 574 3811 Per
589 3741 613 3809 il
629 3743 795 3830 principio
818 3743 1059 3830 specialmente
1075 3743 1198 3831 paiono
1213 3767 1335 3814 neces-

140 3891 309 3906 —————·

180 3977 187 4007 ¹
217 3978 267 4034 Hic
279 3967 477 4034 a'Snccfflno
495 3975 566 4043 (loc.
590 3974 660 4042 cit.,
673 3974 729 4029 lib.
746 3975 785 4043 V,
798 3992 852 4030 nn.
873 3974 921 4044 98,
938 3977 985 4046 99)
1003 3983 1124 4030 vocatur
1141 3976 1247 4032 Simon
1262 3977 1337 4031 Em·

140 4063 200 4131 riua-
213 4069 246 4122 ab
263 4069 428 4124 Aemconn
446 4071 544 4120 autem
563 4065 633 4132 (loc.
656 4063 725 4128 cit.,
745 4065 822 4120 Dec.
844 4064 898 4135 111,
916 4081 945 4119 n.
968 4066 1030 4134 171)
1048 4065 1206 4120 Demesius
1224 4083 1340 4122 nuncu·

194 4171 217 4209 r.

140 4163 193 4270 9³¹¹}
219 4243 359 4300 Robertus
372 4241 507 4300 Girulius
520 4240 603 4309 (alias
616 4241 776 4313 Byrulius).
792 4241 867 4296 Vide
881 4241 982 4314 Epist.
999 4239 1117 4314 Nalad,
1131 4243 1169 4312 11,
1185 4243 1249 4312 581.

183 4331 193 4362 ³
222 4332 320 4390 Petrus
332 4332 483 4388 Hernath.

147 4503 154 4558 ¹
185 4421 205 4518 Ἰ
223 4421 362 4480 Hernicus
376 4419 455 4476 Paria
467 4417 623 4487 lusitanus,
637 4418 674 4474 de
686 4435 745 4492 quo
758 4418 898 4491 frequens
912 4419 1023 4474 mentio
1035 4418 1069 4475 fit
1083 4419 1114 4474 in
1132 4419 1277 4477 Chronico
1290 4421 1344 4480 Pe·

155 4519 218 4562 aner.

189 4593 199 4627 ⁸
227 4599 418 4674 Hieronymus
431 4599 551 4667 Turres,
564 4597 649 4670 cujus
662 4614 786 4653 examen
800 4597 889 4654 estin
902 4599 1003 4671 Epist.
1020 4597 1144 4668 Natat„
1158 4599 1196 4670 11,
1212 4601 1278 4670 556.

192 4685 203 4718 ⁸
232 4686 322 4760 Plock,
335 4705 412 4764 quae
425 4685 514 4742 hodie
528 4693 573 4740 est
585 4685 724 4742 Poloniae
736 4687 867 4742 russicae
880 4688 964 4745 urbs.

260 4786 342 4832 Emer.
360 4787 390 4833 P.
406 4785 511 4836 Nnunu,
526 4793 583 4829 rorr.
597 4781 644 4829 ΙΙΙ.
1202 4785 1217 4828 8
