3482 5386
450 453 503 522 786
888 456 992 510 Errsr.
1012 454 1046 508 Ρ.
1068 453 1181 509 ΝΑοΑι

415 627 508 672 mum
521 605 670 692 quidem,
686 607 778 692 quod
793 627 878 693 erga
893 605 1047 693 spirense
1063 605 1247 694 collegium
1264 605 1350 673 adeo
1365 604 1551 690 benignum
1561 627 1626 674 sese

414 695 612 776 ostenderit,
624 698 715 782 quod
724 695 792 762 iam
803 696 940 764 tandem
953 693 1093 762 omnino
1102 715 1202 782 spero
1212 695 1405 772 fundatum,
1414 705 1449 760 et
1461 695 1530 761 aV.
1542 695 1579 761 R.
1588 698 1621 761 P.

413 795 639 869 acceptatum,
658 794 837 870 postquam
858 785 902 850 ad
919 785 1096 850 formulam
1113 805 1133 850 a
1149 786 1190 850 R.
1210 785 1249 850 P.
1266 781 1380 850 Natali
1394 781 1621 868 praescriptam

414 873 613 939 conclusum
630 873 685 954 sit,
700 883 736 940 et
747 873 931 960 diplomate
943 894 1080 958 quoque
1092 882 1254 941 testatum
1266 893 1325 958 per
1336 872 1528 957 generalem
1540 871 1621 956 ipso-

413 981 490 1026 rum
506 960 746 1028 canonicorum
763 961 1078 1049 congregationem.
1097 963 1172 1030 Deo
1192 972 1262 1047 opt.
1281 981 1373 1026 max.
1390 959 1435 1026 sit
1454 961 1528 1027 laus
1541 981 1621 1027 sem-

413 1048 557 1134 piterna.
572 1049 706 1119 Deinde
717 1071 881 1138 magnum
895 1050 1098 1117 beneficium
1111 1049 1232 1116 merito
1247 1059 1457 1135 reputamus,
1471 1049 1558 1134 quod
1569 1071 1620 1134 per

412 1139 454 1204 R.
475 1140 514 1204 P.
534 1139 691 1206 Natalem
707 1161 771 1206 suo
786 1139 924 1207 nomine
936 1138 1074 1206 visitare
1086 1137 1271 1225 collegium
1282 1140 1350 1204 hoc
1362 1137 1545 1223 iuuareque
1556 1147 1620 1203 stu-

409 1225 469 1319 dia
484 1238 601 1293 nostra
616 1227 758 1314 dignata
774 1238 838 1297 est.

936 1397 1129 1486 xxxvru

819 1529 852 1582 B.
873 1527 1026 1584 PETRUS
1045 1525 1231 1583 CANISIUS

687 1662 848 1710 sancto
879 1662 1114 1710 Fannctsco
1145 1663 1198 1709 ns
1228 1661 1360 1722 BORJA

760 1775 954 1862 Herbipoli,
979 1795 1017 1842 10
1032 1773 1146 1843 Martii
1164 1775 1247 1858 1567
1264 1777 1285 1840 ¹.

469 1906 516 1964 De.
529 1907 677 1976 facultate
690 1907 823 1979 relapsos
834 1908 869 1962 ia
880 1908 1028 1962 haeresim
1041 1906 1225 1962 absolvendi:
1237 1909 1274 1962 de
1286 1909 1439 1962 dotatione
1450 1905 1565 1980 collegii

941 1996 1108 2069 dilingaai.

475 2112 605 2198 Accepi
617 2132 705 2195 quae
716 2111 849 2196 scripsit
861 2112 966 2177 adme
979 2113 1065 2178 ΡΨ
1075 2109 1141 2178 V.⁸
1154 2111 1205 2177 8.⁰
1217 2121 1252 2179 et
1264 2129 1283 2176 2
1288 2111 1497 2199 5.⁰Januarij
1503 2164 1509 2178 .
1524 2110 1612 2195 Quod

407 2201 451 2266 ad
464 2200 660 2267 facultatem
672 2201 821 2284 relapsos
833 2199 888 2266 hic
900 2199 1112 2281 absoluendi,
1127 2199 1340 2266 sentioidem
1351 2202 1443 2284 quod
1457 2203 1492 2266 R.
1507 2203 1542 2267 P.
1556 2201 1612 2264 Na·

408 2289 496 2368 talis,
515 2289 695 2374 largiorem
711 2287 998 2372 dispensationem
1014 2288 1113 2355 nobis
1128 2288 1353 2356 necessariam
1367 2311 1454 2357 esse.
1470 2291 1537 2356 Nec
1548 2289 1611 2352 ido·

408 2377 463 2443 nei
480 2388 561 2444 sunt
577 2389 727 2444 rectores
743 2377 786 2444 ad
801 2399 875 2444 earn
891 2379 1131 2457 exercendam,
1149 2399 1218 2444 non
1239 2379 1359 2444 doctor
1375 2378 1536 2458 Lamias,
1554 2395 1609 2441 non

409 2468 449 2532 P.
464 2466 665 2532 Dominieus
676 2467 702 2546 ⁵,
718 2487 786 2531 non
800 2465 925 2531 frater³
940 2466 1053 2544 etiam,
1065 2465 1123 2550 qui
1135 2477 1194 2532 aut
1206 2465 1351 2551 imperiti
1363 2479 1444 2533 sunt
1457 2463 1608 2552 germani-

407 2575 468 2620 cae
480 2555 630 2639 linguae,
642 2565 699 2619 aut
712 2555 839 2619 nullam
852 2556 978 2622 habent
989 2555 1263 2622 commoditatem
1276 2576 1355 2621 cum
1367 2555 1506 2640 relapsis
1517 2575 1608 2640 agen·

407 2643 483 2710 di...
502 2645 637 2708 Rmum.
656 2643 669 2674 ⁴
687 2643 852 2709 habemus
868 2646 1039 2710 fauentem
1055 2643 1165 2722 nobiS,
1184 2643 1242 2728 qui
1257 2644 1357 2728 plane
1373 2644 1469 2729 cupit
1487 2663 1606 2709 menon

407 2731 594 2812 discedere,
613 2729 678 2796 nisi
694 2730 810 2798 relicto
830 2732 866 2797 in
885 2731 1008 2798 summi
1029 2731 1144 2817 templi
1164 2733 1325 2799 cathedra
1345 2753 1558 2800 successore:
1573 2750 1606 2795 ac

406 2831 583 2906 praeterea
595 2841 795 2904 responsum
810 2822 848 2886 P.
864 2822 908 2887 V.
922 2819 1092 2888 desiderat
1107 2821 1151 2886 de
1162 2820 1337 2888 dotatione
1348 2821 1482 2906 collegij
1496 2819 1604 2886 admis-

406 2930 443 2975 sa
459 2919 562 2991 atque
574 2910 729 2994 probata,
747 2908 836 2974 sicut
851 2909 942 2974 illam
957 2913 995 2974 P.
1013 2908 1167 2975 visitator
1183 2908 1316 2974 admisit
1328 2918 1362 2978 et
1374 2907 1601 2995 comprobauit.

406 2998 590 3082 Speremus
613 2995 679 3062 iam
703 2996 816 3063 isthuc
840 3019 914 3066 esse
937 2999 1102 3081 perlatum
1126 2998 1308 3064 dotationis
1331 3019 1392 3066 seu
1416 2995 1603 3064 fundationis

405 3085 509 3150 huius
532 3085 794 3152 instrumentum
822 3085 1069 3152 authenticum.
1092 3087 1168 3171 Ego
1186 3108 1268 3153 uero
1290 3087 1334 3152 ad
1352 3089 1390 3153 P.
1413 3087 1603 3153 visitatorem

405 3173 538 3259 scripsi,
557 3176 645 3242 forte
665 3174 773 3241 tutius
793 3173 1049 3259 consultiusque
1070 3174 1169 3241 nobis
1189 3177 1273 3257 fore,
1292 3175 1321 3241 si
1341 3197 1408 3241 non
1430 3177 1533 3261 primo
1545 3185 1603 3240 sta-

405 3263 466 3328 tim
483 3285 572 3329 anno
589 3273 640 3328 tot
656 3263 780 3329 classes
796 3264 863 3328 hoc
883 3265 958 3328 loco
980 3263 1242 3344 instrueremuS,
1261 3284 1347 3348 quae
1368 3285 1422 3332 res
1438 3264 1542 3331 varias
1559 3283 1604 3327 se-

404 3373 482 3417 cum
507 3351 637 3418 adferet
663 3350 919 3418 difficultates...
944 3354 1071 3419 Verum
1096 3355 1179 3418 haec
1204 3352 1332 3418 tardius
1355 3375 1376 3418 a
1398 3375 1454 3419 me
1482 3355 1603 3420 fortasse

404 3439 617 3506 nuntiantur.
634 3439 767 3506 Deinde
785 3442 824 3506 P.
843 3439 995 3506 visitator
1010 3440 1076 3506 iam
1090 3451 1169 3508 ante
1184 3441 1311 3526 recepit
1327 3441 1560 3520 conditionem,
1575 3449 1602 3502 et

402 3529 556 3615 promisit
571 3530 699 3606 adfore,
718 3527 776 3613 qui
793 3529 935 3596 Octobri
952 3551 1067 3596 mense
1083 3528 1164 3595 satis
1179 3540 1293 3597 essent
1305 3532 1347 3596 ad
1358 3551 1482 3597 nouem
1493 3532 1601 3596 classes

402 3617 641 3684 instituendas
669 3620 846 3684 Praeterea
869 3617 1040 3683 difficilius
1064 3628 1117 3683 est
1143 3617 1213 3685 fere
1236 3619 1379 3687 lectores
1404 3618 1597 3694 inferiorum,

402 3728 504 3791 quam
520 3705 732 3790 superiorum
749 3705 906 3771 classium
919 3707 1011 3786 dare,
1025 3727 1086 3772 eos
1098 3705 1188 3772 enim
1200 3727 1381 3792 germanos
1391 3729 1468 3777 esse
1479 3725 1598 3774 necesse

400 3805 464 3874 est,
484 3815 630 3878 quorum
646 3792 758 3878 inopia
774 3793 809 3858 in
825 3794 977 3880 collegiis
988 3815 1090 3880 saepe
1102 3796 1304 3862 laboramus,
1321 3797 1462 3863 Haecin
1474 3809 1597 3878 vtraque

400 3893 498 3968 parte
519 3883 610 3948 dicta
629 3882 714 3960 sint,
732 3893 769 3946 vt
789 3881 915 3948 iudicet
939 3882 1065 3951 rectius
1078 3887 1117 3952 P.
1138 3884 1196 3964 V.,
1215 3885 1313 3952 cuius
1328 3906 1524 3972 responsum
1543 3901 1597 3968 ego

399 3993 478 4038 cum
495 3974 592 4038 Rmo.
613 3974 832 4038 uehementer
846 3984 988 4057 expecto
996 4023 1094 4042 .....

457 4171 465 4202 ¹
503 4166 805 4238 &autographam
823 4165 920 4238 Epist.
943 4164 1073 4239 Canisii,
1086 4167 1124 4237 Il,
1147 4167 1196 4224 188
1218 4169 1305 4240 (407).
1323 4169 1399 4225 Vide
1410 4187 1477 4243 pag.
1498 4168 1553 4239 3493
1574 4173 1597 4218 et

400 4254 531 4398 app'enpd.
539 4255 633 4354 XX.X’

452 4433 463 4466 ³
500 4359 746 4486 Reiirletiiiisoiicus
759 4430 906 4502 Canisius,
919 4429 1009 4487 frater
1022 4432 1056 4486 B.
1069 4433 1160 4488 Petri.

449 4523 462 4554 ⁴
498 4519 665 4576 Fridericus
678 4537 695 4575 a
708 4519 872 4591 Wirsberg.
