3482 5386
615 519 818 592 28'Jnnunmr
838 529 907 589 ¹577
1281 515 1335 590 735

122 673 323 762 spirituali,
341 684 376 744 et
389 683 538 760 queste·
557 681 779 759 augmentate
798 669 815 714 θ
830 671 852 754 ¹,
867 671 953 738 oltra
961 670 1008 737 de
1019 669 1125 738 molto
1136 671 1203 740 che
1213 672 1260 738 ho
1271 671 1368 754 letto,

123 801 161 857 et
174 793 227 857 ho
242 790 365 858 scritte
381 791 508 876 algune
524 785 763 857 exhortationi.
782 787 931 855 Restaua
945 787 1023 852 finir
1038 787 1070 854 le
1090 785 1317 855 exhortationi
1333 800 1369 856 et

125 905 272 993 dialogi
280 913 347 992 pro
357 906 518 972 Societau
530 910 649 969 contra
662 903 847 968 haereticos
859 903 871 934 ¹
884 912 920 969 et
927 903 1035 982 Cano,
1045 913 1080 969 et
1092 899 1125 968 la
1136 899 1295 989 apologia
1300 909 1369 988 pro

125 1023 317 1087 exercitiis
333 1022 463 1088 uostris
479 1021 503 1100 ³,
516 1030 550 1085 et
566 1017 695 1086 scriuer
711 1022 831 1082 contra
848 1018 1032 1082 luereticos
1048 1018 1090 1083 de
1106 1017 1290 1104 proposito.
1310 1021 1368 1086 Ma

128 1155 195 1222 per
213 1135 431 1224 experientia
446 1133 504 1221 gii
519 1135 623 1220 longa
637 1132 683 1198 mi
701 1131 813 1201 veddo
828 1131 986 1198 debilitat
1002 1128 1036 1198 di
1054 1132 1100 1198 tal
1116 1133 1216 1198 modo
1238 1144 1367 1218 quanto

127 1247 190 1337 pib
209 1275 274 1334 va,
286 1254 350 1318 ebe
362 1272 434 1316 non
448 1249 560 1318 veddo
575 1269 674 1314 como
690 1268 790 1334 possa
807 1247 863 1332 piu
881 1247 1037 1315 attendet
1048 1269 1069 1314 a
1081 1246 1186 1314 studii
1199 1247 1234 1314 ni
1247 1269 1267 1314 a
1279 1249 1365 1315 scri·

128 1387 208 1434 uer.
231 1369 279 1433 Et
301 1366 449 1434 secondo
476 1363 499 1430 l'
526 1363 682 1430 instituto
708 1383 779 1429 non
807 1363 964 1430 deuendo
991 1373 1062 1430 star
1083 1363 1210 1446 ocioso,
1237 1374 1273 1432 et
1289 1365 1365 1432 solo

126 1483 299 1550 attender
314 1503 335 1546 a
351 1503 402 1562 se,
416 1479 682 1566 ripresentauaa
698 1479 740 1544 V.
762 1480 802 1545 P.
821 1479 853 1546 el
868 1480 1006 1544 andara
1022 1479 1167 1546 Venetia
1177 1501 1241 1566 per
1251 1490 1366 1548 atten-

124 1595 194 1663 der
212 1619 237 1663 a
255 1597 361 1664 sentir
376 1593 583 1662 confessioni
599 1604 613 1635 ⁰
633 1602 668 1661 et
684 1594 745 1660 dar
760 1593 937 1672 essereitii,
956 1593 978 1657 il
995 1595 1059 1662 che
1071 1595 1199 1680 alioqui
1214 1596 1235 1661 ὲ
1253 1595 1367 1662 consi-

125 1709 175 1776 lio
192 1711 233 1777 di
252 1710 387 1793 medici;
406 1733 427 1777 o
443 1731 540 1776 come
557 1710 601 1776 V.
622 1711 661 1776 P.
681 1708 793 1790 vorrd,
816 1719 851 1774 et
866 1730 936 1775 non
952 1719 1022 1774 star
1038 1709 1152 1775 ocioso
1168 1712 1214 1776 fin
1231 1711 1263 1776 al
1284 1709 1366 1776 vlti-

128 1847 190 1892 mo
206 1827 345 1914 spiritu.
364 1828 408 1892 Et
424 1825 511 1906 cusi,
530 1847 600 1891 non
617 1821 812 1891 essendomi
833 1823 1024 1891 necessario
1040 1822 1063 1889 il
1081 1825 1120 1890 P.
1139 1825 1322 1892 Zonhouio
1338 1827 1364 1904 ⁴,

131 1942 420 2028 representa-alla
436 1943 476 2007 Ρ.
492 1942 535 2007 V.
551 1940 592 2022 si,
606 1939 702 2005 finita
718 1940 751 2005 la
766 1938 1014 2020 emendatione,
1029 1952 1064 2006 et
1078 1941 1185 2006 sendo
1197 1951 1317 2025 pacate
1334 1942 1365 2008 le

134 2074 221 2126 cose
238 2056 273 2122 di
289 2056 448 2136 Fiandra,
461 2057 494 2122 lo
508 2053 680 2121 mandaria
696 2075 716 2120 a
732 2055 901 2133 Anuersa,
915 2052 985 2139 per'
996 2076 1156 2140 procurat
1171 2056 1202 2121 la
1219 2066 1364 2142 stampe,

135 2191 157 2236 o
173 2171 206 2238 si
222 2173 258 2239 lta
274 2193 342 2238 non
358 2172 387 2238 si
407 2173 488 2257 pub,
506 2171 542 2236 in
560 2170 715 2250 Venetia,
733 2191 754 2237 o
769 2171 888 2249 Roma,
907 2190 968 2255 per
982 2169 1005 2235 il
1021 2168 1208 2238 medesimo
1229 2173 1364 2254 elfect03

135 2288 269 2370 perche
289 2308 370 2373 pare
386 2289 450 2352 che
470 2286 519 2352 sia
540 2284 732 2353 necessario
752 2291 787 2350 vl
805 2285 939 2370 praesit
956 2286 1069 2370 prela;
1090 2286 1218 2371 alioqui
1237 2285 1363 2367 iudico,

134 2403 291 2470 secondo
307 2404 372 2471 che
388 2401 512 2481 veddo,
527 2402 591 2468 che
608 2421 677 2465 non
694 2409 783 2467 reste
798 2399 834 2466 in
850 2410 970 2484 questa
985 2399 1173 2484 prouincia.
1189 2402 1245 2468 Ho
1261 2400 1365 2468 serito

134 2515 194 2600 gia
213 2517 331 2584 auanti
348 2519 412 2582 che
432 2516 549 2582 ordine
566 2517 610 2582 da
630 2517 673 2582 V.
699 2516 738 2581 P.
763 2518 827 2581 che
850 2515 879 2581 si
895 2515 966 2582 fari
994 2515 1074 2582 delli
1089 2515 1165 2580 libri
1191 2528 1226 2582 et
1243 2515 1363 2582 scritti.

135 2630 385 2698 Ultimamente
397 2629 574 2698 aduertiua
595 2631 627 2697 la
645 2632 683 2696 P.
700 2631 744 2696 V.
762 2632 826 2697 che
842 2629 876 2696 io
887 2632 934 2696 ho
950 2629 1114 2716 comprati
1130 2630 1206 2696 libri
1223 2653 1283 2718 per
1304 2633 1366 2699 116

136 2742 265 2828 fiorini,
283 2748 339 2814 del
359 2746 489 2814 credito
504 2748 569 2814 che
585 2744 630 2811 mi
658 2747 733 2814 fece
760 2747 804 2812 V.
824 2747 864 2812 P.
884 2745 900 2788 ‘¹
919 2745 954 2811 di
987 2763 1046 2812 100
1068 2761 1118 2828 Δ;
1148 2756 1182 2814 et
1208 2747 1321 2831 questi
1336 2747 1366 2814 si

139 2861 257 2930 hanno
272 2862 307 2928 di
323 2883 449 2948 pagare
470 2861 501 2926 al
522 2863 676 2929 Oetubre
691 2859 871 2946 prossim0,
889 2871 924 2928 et
939 2863 958 2927 ὁ
974 2861 1125 2947 obligato
1141 2861 1173 2927 al
1196 2861 1326 2929 Villero
1342 2863 1365 2929 il

140 2990 254 3046 rector
270 2978 305 3044 di
321 2990 443 3064 questo
458 2977 615 3064 collegia,
633 2987 668 3045 et
683 2976 839 3063 significa
852 2976 908 3062 gii
921 2979 985 3044 che
997 3001 1041 3044 en
1057 2977 1198 3045 nissuna
1213 2979 1365 3048 maniera

140 3095 309 3161 vorrebbe
320 3093 356 3161 ni
366 3099 436 3180 pub
448 3115 567 3180 pagar,
581 3092 682 3159 etiam
699 3093 727 3158 si
743 3092 792 3178 gli
807 3092 888 3158 doni
904 3093 947 3158 V.
963 3095 1003 3159 P.
1023 3092 1102 3158 tutti
1115 3093 1162 3179 gli
1175 3093 1251 3160 libri
1268 3115 1365 3161 com-

139 3209 254 3291 pratti.
273 3210 318 3276 V.
339 3211 377 3274 P.
397 3208 571 3294 prouedda
587 3229 646 3292 per
661 3208 683 3273 l'
702 3227 799 3272 arnor
814 3208 869 3272 del
886 3207 1023 3292 Signor.
1038 3207 1096 3274 Gli
1112 3207 1187 3273 libri
1204 3210 1365 3295 vagliono

141 3325 228 3390 assai
244 3323 315 3410 piri.
336 3323 383 3390 Mi
399 3345 493 3403 cura,
514 3323 637 3402 Padre,
652 3323 740 3390 della
756 3333 887 3408 stampe
902 3323 936 3389 di
953 3322 1017 3388 mei
1034 3323 1142 3388 scritti
1158 3333 1193 3390 et
1209 3324 1361 3410 imagini,

140 3458 199 3521 per
214 3438 408 3507 obedientia
424 3438 459 3505 di
479 3440 523 3505 V.
543 3441 599 3518 P.;
618 3439 746 3524 alioqui
767 3438 823 3523 gia
839 3440 884 3502 ho
905 3448 1138 3523 representato
1159 3438 1182 3526 il
1202 3439 1270 3505 mio
1284 3440 1364 3526 giu·
1431 3461 1435 3469 ·

139 3553 227 3621 dicio
243 3577 304 3641 per
320 3556 342 3620 il
361 3558 398 3620 P.
421 3553 596 3620 Ximenez.
621 3555 668 3632 Ia,
693 3555 815 3632 Padre,
841 3575 904 3619 son
920 3553 1056 3632 vechi0,
1082 3565 1116 3619 et
1144 3557 1309 3636 enferm0,
1328 3555 1363 3622 et

140 3667 327 3750 debilitata,
346 3691 401 3735 ma
418 3673 462 3734 ho
477 3667 612 3754 miglior
628 3678 662 3735 et
683 3667 741 3754 piri
762 3668 942 3754 gagliardo
962 3667 1104 3734 animoe
1127 3671 1194 3738 che
1210 3669 1276 3735 mai
1296 3691 1362 3736 con

144 3779 340 3792 h.—

193 3830 209 3863 ¹
238 3821 304 3874 Hoc
323 3821 404 3875 verb.
424 3836 511 3890 supra
529 3835 605 3872 vers.
626 3816 737 3873 addidit
755 3817 846 3872 N.-b
865 3831 894 3872 11
914 3820 1004 3872 verba
1022 3835 1103 3890 seqq.
1124 3818 1154 3873 in
1172 3836 1263 3889 marg.
1282 3819 1363 3875 addi·

141 3904 184 3963 dit
196 3909 232 3964 N.
245 3920 288 3953 -ο
299 3908 317 3963 3
328 3910 419 3962 verba
432 3925 513 3980 seqq.
528 3923 615 3978 supra
628 3923 704 3961 vers.
720 3906 831 3961 addidit
845 3907 882 3961 N.
891 3907 936 3950 -d
951 3905 968 3961 3
981 3909 1071 3962 verba
1085 3924 1166 3979 seqq.
1182 3925 1269 3980 supra
1283 3925 1362 3964 vers.

143 3997 252 4054 eddidit
265 3997 356 4052 N.-e
368 3998 432 4052 Hoc
445 3998 527 4052 verb.
542 4013 629 4068 supra
641 4013 718 4050 vers.
733 3995 845 4052 addidit
857 3996 894 4050 N.

194 4116 201 4148 ¹
240 4115 284 4170 Ex
297 4116 353 4170 hoc
365 4115 430 4169 loco
443 4113 553 4168 eruitur
565 4111 701 4168 Codicem
712 4113 731 4166 8
742 4111 864 4177 Natalis,
874 4113 921 4167 cui
932 4111 1044 4167 titulus:
1060 4113 1093 4166 P.
1106 4112 1227 4168 Natalis
1239 4118 1364 4186 optumi-

142 4200 181 4272 la,
192 4205 247 4260 hoc
261 4220 336 4258 anno
357 4216 434 4275 1577,
449 4220 486 4256 ex
505 4209 586 4273 parte
604 4202 745 4273 scriptum
763 4201 868 4258 fuisse.
884 4201 960 4256 Vide
978 4201 1075 4273 Epist.
1094 4201 1210 4274 Natal,
1223 4203 1245 4270 1,
1263 4215 1368 4269 xxxa„

141 4301 246 4363 xxxm,
261 4300 291 4348 et
309 4309 406 4364 supra,
420 4289 507 4363 epist.
521 4293 584 4345 610.

188 4385 199 4418 ¹
236 4381 312 4437 Vide
332 4381 427 4452 Epist.
443 4379 836 4449 Natal.,l,xxxv1·xxxvu.

189 4471 199 4503 ³
237 4469 313 4524 Vide
330 4469 493 4536 PotattCO,
514 4467 648 4533 Claram,
667 4469 717 4540 111,
733 4466 861 4537 527-573.
881 4469 965 4539 Quae
979 4467 1019 4522 ibi
1037 4466 1240 4523 desiderantur
1256 4483 1293 4522 ex
1306 4467 1362 4521 hac

141 4557 298 4631 Apologia,
312 4575 404 4630 nuper
416 4557 588 4630 reperimus,
602 4564 633 4612 et
645 4557 676 4612 in
688 4557 790 4612 ultimo
806 4557 893 4628 hujus
906 4555 993 4612 seriei
1011 4556 1170 4628 volumine,
1184 4555 1248 4611 Deo
1261 4556 1364 4611 volen-

142 4653 180 4718 te,
193 4647 325 4703 edemus.
1038 4639 1040 4644 ’

192 4735 205 4768 ⁴
240 4737 273 4791 P.
288 4737 417 4807 Joannes
430 4735 609 4791 Zonhovius.
623 4734 700 4791 Vide
713 4735 799 4808 epist.
813 4733 877 4790 603.
