3414 5374
638 452 673 508 28
691 453 768 522 MAJt
789 453 858 525 1576
1272 471 1326 531 717

125 605 284 674 uinciam
298 617 509 694 procurator.
528 607 658 676 Verum
670 616 851 693 postquam
864 627 942 678 meo
957 608 1083 677 iudicio
1094 609 1247 696 permisit
1260 615 1299 680 P.
1316 615 1360 680 T.

125 722 328 806 editionem,
347 721 540 793 existimaui
555 743 658 808 opere
673 721 819 807 pretium
838 722 926 804 fore,
945 723 1082 809 siquod
1096 746 1168 811 ,ego
1189 724 1224 790 in
1247 725 1364 795 animo

126 839 242 907 habeo
260 839 304 906 sit
319 838 380 906 tibi
395 839 618 926 exploratum.
637 836 753 906 Primo
768 837 873 925 igitur
884 840 960 906 loco
976 861 1046 906 non
1057 860 1183 907 censeo
1194 861 1271 909 esse
1285 842 1364 910 illas

127 975 225 1020 meas
242 953 505 1042 imaginationes
520 953 755 1040 publicandas,
774 954 834 1022 sed
850 953 1025 1022 habendas
1037 954 1257 1042 proscriptis,
1272 978 1359 1042 qua-

127 1069 171 1136 lia
194 1071 306 1136 multa
329 1072 440 1138 solent
466 1068 586 1137 haberi
612 1068 648 1135 in
675 1069 858 1138 Societate.
883 1070 987 1155 Quod
1010 1070 1039 1137 si
1060 1072 1197 1139 tandem
1212 1071 1282 1138 sint
1302 1072 1362 1140 illa

126 1186 281 1266 edenda,
299 1185 348 1252 ita
367 1187 480 1254 danda
499 1184 612 1252 omnia
633 1185 820 1264 Harlemio,
838 1195 874 1252 et
893 1185 1018 1270 quibus
1033 1185 1106 1272 ipse
1126 1186 1209 1253 velit
1230 1187 1358 1256 exami-

125 1303 256 1380 nanda,
272 1313 311 1368 vt
330 1300 416 1367 nihil
435 1300 660 1368 meoiudicio
680 1299 903 1383 relinquatur,
922 1300 997 1368 siue
1012 1300 1254 1388 supprimenda
1273 1302 1355 1383 sint,

123 1415 200 1485 siue
217 1417 445 1500 emendanda,
464 1426 502 1483 vt
516 1417 618 1503 plane
633 1414 718 1482 nihil
733 1413 909 1482 incumbat
923 1415 959 1482 in
971 1436 1038 1498 me3
1051 1416 1193 1503 perinde
1209 1429 1312 1504 atque
1328 1418 1358 1484 si

123 1531 209 1598 nihil
232 1532 367 1600 illorum
392 1554 507 1602 meum
530 1532 651 1600 brisset
670 1551 832 1618 unquam.
856 1532 925 1600 Sed
946 1533 1031 1600 haec
1048 1534 1227 1601 hactenus.
1254 1536 1361 1600 Plura

125 1648 282 1715 fortassis
298 1669 402 1733 quarn
417 1658 497 1714 tuae
513 1646 755 1733 occupationes
768 1648 888 1713 ferant.
901 1647 1063 1713 Christus
1074 1651 1177 1736 Jesus
1190 1647 1360 1715 Dominus

126 1773 159 1828 et
174 1765 275 1831 Deus
289 1776 420 1846 noster,
439 1774 555 1832 seruet
574 1762 673 1828 nobis
693 1761 899 1828 incolumem
917 1761 1164 1832 Paternitatem
1182 1765 1292 1830 Tuam
1315 1765 1360 1829 ad

127 1879 293 1949 maiorem
310 1879 453 1966 gloriam
467 1877 612 1945 nominis
624 1877 690 1944 sui.
706 1876 819 1962 Cupio
828 1887 846 1919 ⁸
860 1898 903 1943 ex
914 1877 1017 1945 corde
1030 1877 1097 1944 tuis
1109 1877 1221 1945 missis
1233 1889 1268 1945 et
1280 1900 1356 1946 ora·

129 1993 284 2061 tionibus
299 2014 376 2062 esse
395 1994 664 2073 commendatus,
684 1996 798 2073 Pater,
822 2002 856 2060 et
872 1995 913 2059 P.
932 1991 1164 2061 assistentium
1184 2005 1219 2060 et
1242 1997 1281 2060 P.
1300 2015 1361 2064 se-

128 2110 279 2178 cretarii.
298 2111 421 2190 Halae,
443 2128 482 2176 10
499 2107 578 2176 Maii
599 2109 695 2194 1576.
715 2109 755 2174 T.
776 2109 816 2174 P.
836 2105 930 2174 ΚΜ
945 2129 1068 2174 seruus
1083 2107 1118 2173 in
1134 2110 1207 2188 X.⁰,

834 2227 838 2236 “
906 2233 1179 2407 iNtssfflsi

195 2459 383 2544 Inscriptio
403 2459 442 2522 in
463 2461 588 2542 quarta
602 2457 763 2542 pagiua:
784 2455 807 2540 †
824 2453 1019 2520 Admodum
1045 2454 1129 2520 Rdo.
1149 2453 1184 2520 in
1211 2454 1357 2523 Christo

129 2573 225 2638 Patri
240 2575 291 2638 N.
311 2574 351 2639 P.
368 2572 543 2640 Euerardo
559 2569 786 2650 Mercuriano,
800 2568 995 2654 praeposito
1006 2568 1159 2655 generali
1175 2569 1359 2638 Societatis

124 2687 222 2774 Jesu.
237 2691 378 2755 Romae.
393 2687 475 2754 Alia
487 2707 606 2753 manu:
622 2686 718 2769 1576.
734 2684 855 2752 Halae.
871 2687 910 2752 P.
924 2685 1066 2752 Natalis.
1081 2703 1121 2754 10
1133 2684 1225 2753 Maii.
1241 2687 1284 2753 Y.
1299 2686 1357 2753 Si-

126 2804 209 2890 gitti
223 2804 422 2891 vestigium.

696 2993 791 3056 591)

459 3126 499 3189 Ρ.
526 3122 836 3189 HIERONYMUS
860 3121 1025 3188 NADAL

371 3253 511 3311 PATRI
536 3251 785 3310 EVERARDO
811 3252 1117 3311 MERCURIANO

559 3382 678 3441 utens,
691 3368 725 3424 28
738 3381 808 3435 our
823 3367 891 3438 1576
905 3372 926 3422 ¹.

341 3488 386 3543 Ab
398 3486 585 3560 imaginibus
597 3486 719 3541 edendis
732 3485 871 3540 animum
884 3500 915 3539 se
926 3483 1065 3554 abjecisse
1078 3486 1136 3539 ait.

196 3615 219 3702 †
246 3615 349 3743 ihus'
369 3612 565 3680 Admodum
581 3613 667 3678 Rde.
686 3610 720 3676 in
737 3609 874 3677 Christo
892 3611 1005 3676 Pater.
1025 3612 1097 3676 Pax
1114 3609 1252 3676 Christi.
1273 3613 1351 3679 Non

131 3731 180 3797 fui
192 3739 382 3816 scripturus
393 3731 460 3794 hoc
472 3747 600 3808 mense;
615 3725 735 3812 scripsi
748 3725 837 3794 enirn
850 3745 910 3811 per
921 3737 1187 3811 procuratorem.
1202 3728 1271 3794 Sed
1282 3728 1354 3794 duo

130 3847 235 3915 verba
250 3844 375 3923 dicam,
393 3841 490 3928 quasi
502 3841 733 3929 paraphrasim
754 3840 966 3926 superiorum
987 3839 1171 3907 literarum.
1192 3822 1353 3930 intelligo

129 3971 313 4029 venturum
329 3958 549 4025 visitatorem.
566 3957 618 4036 Ei,
636 3957 665 4023 si
677 3956 793 4037 libeat,
811 3955 935 4041 poterit
950 3957 1032 4024 dare
1048 3957 1230 4043 negocium
1247 3960 1287 4024 P.
1307 3960 1348 4024 T.

129 4077 170 4143 de
190 4075 298 4144 socio.
317 4077 406 4142 Nam
428 4073 457 4140 si
477 4073 524 4139 ita
544 4083 741 4159 perseuerat
762 4093 858 4138 meae
879 4070 1084 4140 valetudinis
1101 4071 1290 4154 infirmitas,
1314 4083 1354 4138 vt

126 4192 296 4260 hactenus
310 4190 376 4258 iam
393 4187 510 4255 multis
524 4187 658 4267 diebus,
676 4187 768 4254 socio
785 4207 855 4253 non
869 4187 993 4273 egebo.
1008 4186 1070 4256 Sin
1084 4188 1207 4256 melius
1224 4189 1351 4272 habau,

127 4305 160 4373 id
175 4306 309 4374 curabit
325 4305 494 4385 visitator,
513 4303 709 4391 praesertim
726 4302 866 4370 munitis
878 4302 950 4370 tuis
965 4303 1072 4370 literis
1089 4305 1132 4370 P.
1153 4305 1195 4370 ad
1212 4303 1355 4391 prouin-

128 4445 324 4458 *—

179 4533 196 4566 ⁸
224 4535 241 4576 2
254 4522 344 4576 verba
357 4537 442 4593 seqq.
460 4536 548 4592 supra
560 4535 641 4574 vers.
659 4517 771 4574 addidit
784 4518 824 4574 N.

183 4677 192 4708 ¹
229 4673 274 4727 Ex
287 4674 458 4745 archetypo,
471 4669 502 4727 in
514 4671 614 4744 Epist.
634 4669 758 4740 Nolui,
772 4670 811 4741 11,
824 4670 934 4744 duplici
946 4669 1014 4745 fou,
1030 4684 1081 4742 245
1094 4669 1181 4740 (173),
