3318 5376
419 496 473 567 348
805 501 909 555 Ensr.
930 497 964 554 P.
985 498 1187 568 Nabar-457

381 653 427 718 ha
446 652 525 721 date
545 651 657 739 dapoi.
676 653 807 722 Sarano
828 649 1005 718 utilissime
1027 651 1083 716 alli
1104 649 1291 730 thedeschi,
1308 659 1344 714 et
1364 648 1397 714 io
1417 649 1449 717 le
1469 648 1596 716 sarebbe

381 764 599 834 comunicare
615 789 634 834 a
651 768 731 834 tutti
746 765 770 832 li
785 765 903 834 nostri.
923 765 970 833 Mi
989 785 1048 832 ero
1069 765 1269 832 smentieato
1284 763 1482 831 dimandare
1505 763 1596 830 etiam

382 881 450 948 alla
476 883 516 948 Ρ.
536 884 578 949 V.
599 883 711 968 quelle
738 881 949 950 annotationi
975 883 1030 947 ch'
1047 879 1296 948 incominciaua
1316 901 1336 946 a
1360 881 1433 947 fare
1452 901 1549 966 sopra
1568 879 1597 946 le

383 995 632 1064 constitutioni.
651 999 678 1063 Il
698 1019 820 1083 prezzo
848 997 883 1063 di
903 996 1036 1083 copiare
1058 1005 1148 1062 tutto
1168 1006 1288 1080 questo
1304 993 1333 1061 si
1353 1004 1444 1062 meta
1465 1016 1484 1058 a
1504 1005 1596 1060 conto

383 1111 420 1177 di
447 1113 644 1197 Germania,
670 1114 795 1198 perche
821 1112 857 1180 io
880 1112 914 1179 lo
941 1112 1069 1199 pagarb
1095 1110 1194 1198 piena
1217 1121 1252 1178 et
1278 1110 1532 1196 allegramente.
1556 1109 1596 1176 Mi

384 1229 500 1294 hanno
524 1227 630 1309 detto,
654 1229 777 1310 Padre,
800 1226 911 1312 questi
934 1230 998 1294 che
1024 1225 1258 1294 ultimamente
1277 1247 1404 1293 venero
1422 1225 1468 1291 da
1488 1227 1595 1306 Roma,

383 1344 449 1410 che
465 1341 579 1409 Gioan
595 1343 739 1411 Battista
754 1353 896 1424 sartore,
913 1345 978 1412 che
994 1353 1081 1410 stete
1097 1343 1154 1429 gia
1170 1341 1205 1408 in
1217 1341 1369 1428 Dilinga,
1383 1351 1417 1410 et
1435 1342 1471 1407 fu
1485 1339 1598 1407 riman-

383 1457 466 1523 dato
482 1477 543 1542 per
559 1459 591 1523 la
607 1457 738 1544 rognia‚
757 1469 809 1525 sta
825 1480 920 1541 san0,
938 1468 973 1525 et
994 1458 1148 1525 desidera
1169 1457 1334 1524 ritomare
1355 1455 1389 1522 in
1410 1454 1595 1536 Germania,

385 1573 476 1640 doue
492 1595 549 1640 era
565 1574 670 1640 molto
686 1597 706 1640 a
721 1573 906 1661 proposito,
921 1575 1027 1640 molto
1039 1573 1134 1654 utile,
1149 1581 1184 1641 et
1196 1572 1231 1639 di
1243 1573 1364 1660 grand'
1382 1570 1596 1648 edificatione,

387 1699 424 1756 et
440 1690 459 1754 ἑ
476 1690 580 1755 molto
595 1688 796 1756 desiderato.
814 1691 882 1756 Per
896 1691 1003 1756 amor'
1016 1690 1060 1756 de
1076 1688 1143 1756 Dio
1155 1690 1199 1756 V.
1215 1692 1255 1756 P.
1270 1689 1303 1754 lo
1316 1686 1429 1753 mandi
1440 1686 1474 1752 al
1486 1688 1525 1752 Ρ.
1540 1686 1589 1752 Ca·

389 1803 488 1870 nisio.
508 1805 658 1870 Tornoa
681 1803 850 1872 ricordare
870 1805 935 1872 alla
956 1806 996 1871 P.
1016 1806 1060 1871 V.
1078 1804 1157 1890 quel
1174 1803 1315 1890 negotio
1335 1802 1378 1870 de
1398 1800 1598 1868 absoluendis

387 1919 545 2005 relapsis,
557 1928 592 1985 et
608 1918 632 1984 li
646 1919 771 1985 mando
787 1918 810 1984 il
821 1918 968 2005 capitolo
980 1921 1044 1986 che
1055 1939 1155 2005 sopra
1166 1917 1201 1983 di
1214 1917 1267 1984 cib
1279 1916 1374 1984 serisi
1387 1917 1432 1984 da
1443 1918 1597 1984 Aschem-

388 2035 479 2119 burg
494 2035 515 2099 ¹:
535 2035 610 2100 sara
626 2035 806 2102 emendato
816 2043 854 2115 ⁸,
873 2055 910 2102 se
925 2036 972 2100 ho
990 2044 1103 2120 tempo
1118 2033 1152 2098 di
1173 2032 1342 2102 riuederlo
1364 2032 1481 2098 auanti
1500 2035 1558 2098 che
1572 2031 1597 2094 la

387 2158 485 2234 posta
502 2157 608 2234 parta,
627 2171 665 2216 se
680 2150 828 2216 alchuna
843 2171 923 2216 cosa
940 2149 985 2216 mi
1001 2153 1120 2236 parera
1134 2151 1241 2216 hauer
1261 2149 1303 2215 de
1324 2147 1496 2235 bisognio
1514 2147 1597 2214 Alrre

386 2283 467 2330 cose
488 2267 533 2328 m'
552 2283 801 2347 occorreuan03
820 2285 874 2332 ma
899 2286 1020 2331 sarano
1036 2285 1096 2351 per
1116 2265 1201 2331 altra
1222 2265 1354 2344 lettera,
1377 2263 1551 2350 percioche
1570 2261 1598 2325 in

390 2387 510 2462 questa
526 2389 561 2445 et
577 2378 657 2446 nell'
675 2379 760 2445 altra
775 2400 837 2445 son
854 2388 943 2446 stato
958 2391 1078 2465 troppo
1098 2380 1242 2464 lungho‚
1261 2389 1295 2446 et
1311 2384 1425 2444 tamen
1442 2377 1488 2444 mi
1502 2377 1598 2443 sforzo

389 2515 410 2559 a
426 2514 495 2559 non
511 2493 583 2560 dire
599 2515 635 2560 se
652 2514 720 2560 non
733 2495 769 2566 ,la
785 2495 963 2561 sustantia.
982 2495 1017 2560 Io
1034 2515 1140 2579 penso
1152 2497 1243 2560 staro
1256 2493 1314 2579 qui
1330 2493 1442 2560 insino
1454 2489 1595 2568 aluredi,
1651 2537 1652 2564 i

389 2607 452 2674 hoc
464 2613 522 2687 est,
535 2607 637 2674 insin’
651 2608 706 2674 alli
724 2609 762 2676 16
774 2607 809 2674 di
821 2618 954 2695 questo.
974 2610 1066 2678 Sono
1079 2618 1199 2694 quatro
1211 2608 1323 2696 giomi
1334 2611 1398 2676 che
1414 2606 1597 2694 aspettiamo

392 2723 416 2789 il
433 2723 637 2790 scholastico
649 2724 674 2803 ¹,
692 2734 727 2791 et
742 2746 813 2791 non
834 2725 854 2791 ὁ
876 2735 1028 2791 uenuto:
1052 2724 1211 2810 aspettasi
1230 2726 1293 2790 ehe
1315 2727 1414 2792 uerrssa
1432 2721 1546 2810 hoggi.
1562 2721 1597 2785 Et
1650 2797 1651 2800 Ἴ

391 2837 574 2905 scriuendo
590 2849 722 2922 quest0,
741 2839 772 2905 ci
788 2842 903 2906 hanno
919 2850 1048 2906 uenuto
1072 2861 1092 2905 a
1117 2839 1189 2906 dire
1212 2841 1314 2906 esser'
1331 2840 1449 2926 gionto
1465 2861 1484 2905 a
1501 2837 1595 2923 quest'

389 2955 487 3020 hora.
507 2953 627 3040 Hoggi
647 2965 682 3021 et
701 2953 837 3022 dimane
857 2953 958 3020 insin'
976 2977 996 3020 a
1016 2975 1133 3021 mezzo
1153 2954 1277 3040 giorno
1298 2955 1474 3023 attendero
1490 2977 1509 3021 a
1526 2949 1596 3018 scri-

391 3071 465 3136 uer’
483 3078 518 3135 et
535 3067 632 3135 finire
648 3079 769 3154 questo
785 3072 945 3155 pachetto
960 3092 1020 3155 per
1035 3069 1067 3135 la
1084 3072 1124 3136 P.
1143 3071 1186 3138 V.
1206 3079 1241 3137 et
1257 3071 1300 3136 ad
1312 3070 1400 3136 altri:
1418 3069 1443 3135 il
1457 3078 1542 3136 resto
1552 3064 1597 3130 del

391 3193 507 3268 tempo
534 3184 616 3251 dard
644 3205 663 3250 a
692 3193 813 3268 questo
840 3184 991 3273 negotio.
1019 3185 1045 3250 ΙΙ
1072 3184 1219 3270 Signore
1245 3189 1321 3252 sara
1348 3205 1413 3251 con
1440 3183 1510 3250 noi.
1533 3181 1597 3248 Non

392 3317 530 3366 occorre
546 3319 607 3384 per
622 3309 743 3383 questa
758 3300 858 3365 altro
881 3299 956 3366 Ora
966 3307 1034 3385 pro
1053 3300 1163 3379 nobis,
1180 3301 1300 3365 Pater.
1320 3300 1388 3367 Atti
1410 3298 1509 3367 Padri
1528 3293 1597 3362 assi-
1648 3337 1649 3380 p

390 3412 507 3496 stenti,
527 3414 567 3481 P.
587 3417 688 3480 Mtro.
709 3414 870 3495 Polanco,
888 3424 923 3481 et
940 3415 1050 3481 Padre
1065 3415 1199 3483 dottore
1223 3412 1390 3482 Madridio
1412 3434 1476 3480 con
1496 3405 1597 3478 tuttili
1648 3383 1649 3451 i

391 3527 470 3593 altri
491 3528 593 3594 Padri
614 3539 649 3596 et
667 3527 788 3596 fratelli
809 3529 840 3594 ci
868 3529 1163 3597 raccomandiamo
1183 3531 1287 3597 molto
1308 3530 1363 3598 nel
1383 3529 1537 3616 Signore.
1555 3527 1598 3590 Da
1647 3599 1648 3618 ξ

392 3641 505 3728 Spira,
525 3641 580 3708 alli
603 3661 639 3709 12
660 3644 703 3711 de
720 3645 910 3712 Decembre
932 3645 1026 3728 1566.
1647 3621 1648 3713 i

462 3760 515 3825 Da
530 3756 652 3838 Vicus,
669 3759 791 3838 Padre,
809 3760 954 3827 essendo
969 3769 1078 3828 morto
1093 3759 1117 3826 il
1133 3763 1173 3827 Ρ.
1190 3763 1280 3828 Paez
1293 3761 1317 3839 ⁸,
1332 3760 1532 3826 dimandano
1546 3773 1597 3821 con

393 3873 500 3938 molta
515 3872 670 3938 instanza
684 3893 730 3938 vn
747 3873 921 3941 sacerdote
936 3874 1127 3961 spagnuolo
1143 3878 1207 3944 che
1223 3886 1338 3960 potese
1350 3873 1467 3943 sentir'
1480 3872 1598 3941 confes·
1646 3893 1647 3974 p

391 3985 481 4054 sioni
496 3988 540 4055 de
555 3987 686 4055 italiani
701 3999 736 4055 et
752 3987 945 4076 spagnuoli.
964 3989 1002 4058 Si
1019 3990 1141 4058 manda
1157 3992 1237 4077 quel
1252 3990 1371 4057 ordine
1386 3990 1474 4058 della
1487 3983 1599 4056 contri-

445 4234 461 4268 ·
490 4225 554 4281 Hoc
567 4229 655 4283 verb.
673 4244 761 4300 supra
774 4245 855 4284 vers.
872 4227 988 4286 addidit
1002 4229 1068 4288 libr.

448 4433 455 4464 ι
495 4429 571 4486 vtae
584 4431 674 4502 epist.
691 4443 758 4500 453·
1644 4412 1645 4498 i

446 4522 457 4553 '
495 4518 676 4576 Canonicum
689 4537 734 4575 sc.
752 4521 959 4577 scholasticum
977 4523 1119 4595 spirensis
1133 4523 1288 4600 ecclesiae,
1302 4524 1350 4580 eui
1371 4521 1600 4581 nomentanos

393 4602 571 4663 Oberstein.
588 4606 663 4662 Vide
676 4625 774 4681 supra,
788 4625 858 4682 pag.
877 4607 940 4679 340.

451 4695 462 4727 ⁵
499 4695 575 4750 Vide
588 4713 686 4768 supra,
700 4713 770 4770 pag.
787 4697 851 4768 216,
864 4707 968 4755 annot.
984 4711 1011 4769 7.
