3456 5386
406 461 455 522 142
566 500 571 508 .
762 483 763 486 τ
787 455 890 512 Ense.
910 453 944 509 Ρ.
964 445 1169 525 Nepet-398

364 615 472 694 parte,
482 607 526 674 ne
538 605 666 688 aeltra,
680 629 718 677 se
730 629 799 675 non
811 630 831 674 a
843 608 956 694 quello
967 609 1032 674 che
1044 609 1164 694 pareri
1175 629 1235 696 per
1247 607 1282 675 di
1294 629 1361 694 qua
1373 609 1473 679 esser’
1487 632 1589 698 mag-

364 721 440 809 gior
455 721 601 793 seruicio
617 725 661 792 de
675 723 742 792 Dio
758 733 792 793 et
811 722 992 807 necessite,
1009 732 1044 790 et
1059 745 1120 811 per
1135 724 1303 813 maggior'
1320 737 1481 795 aumento
1496 728 1588 795 della

364 839 587 927 Compagnia:
605 841 733 908 hauerd
749 846 863 908 tamen
878 861 939 928 per
955 839 1081 928 meglio
1101 840 1213 926 quello
1230 843 1293 910 che
1309 846 1428 928 pareri
1443 865 1463 909 a
1479 843 1522 911 V.
1540 845 1582 909 P.

428 973 462 1038 4.
509 958 563 1023 De
578 956 691 1042 quello
702 955 737 1022 di
749 955 860 1043 Spira,
874 955 932 1043 gii
944 958 990 1024 ho
1007 954 1125 1023 scritto
1136 978 1157 1023 a
1169 957 1212 1024 V.
1229 959 1269 1023 P.
1284 960 1347 1025 che
1360 957 1406 1024 mi
1417 980 1499 1046 pare
1509 981 1584 1027 non

361 1070 391 1139 si
406 1072 495 1142 deue
510 1075 666 1156 acettar',
692 1092 794 1140 senza
814 1071 993 1142 accettarsi
1013 1071 1121 1158 prima
1143 1074 1256 1159 quello
1277 1075 1313 1140 d'
1334 1074 1525 1162 Herbipoli,
1547 1074 1584 1141 di

361 1189 450 1256 doue
465 1187 489 1254 il
504 1188 706 1258 cancellario
723 1189 756 1255 fa
768 1198 862 1258 tanta
873 1188 1027 1256 instanza
1039 1192 1103 1256 che
1114 1191 1134 1256 ἑ
1146 1189 1364 1258 confossione
1379 1199 1506 1271 nostra,
1521 1212 1586 1277 per

359 1304 393 1372 la
404 1304 520 1391 parola
531 1307 597 1374 che
607 1303 631 1370 il
645 1306 684 1371 P.
699 1303 849 1386 Canisi0,
863 1305 899 1371 in
911 1326 1012 1404 nome
1024 1305 1068 1372 de
1083 1305 1127 1372 V.
1144 1308 1199 1386 P.,
1213 1307 1259 1372 ha
1273 1307 1354 1373 dato
1366 1305 1397 1374 al
1409 1326 1558 1373 vescouo
1575 1307 1584 1340 ¹

360 1420 395 1487 di
422 1421 535 1508 quella
561 1420 676 1487 chiesa
696 1431 731 1487 et
750 1419 845 1502 cittin
870 1429 945 1490 eta
965 1421 1089 1507 grand’
1110 1419 1272 1489 instantia
1292 1421 1497 1490 dimandano
1519 1423 1587 1490 che

361 1536 450 1604 uada
466 1556 536 1604 uno
551 1536 594 1604 de
610 1535 716 1603 nostri
731 1557 793 1623 per
808 1537 924 1605 ueder'
943 1535 967 1601 li
981 1535 1117 1603 edificii.
1135 1535 1178 1603 Di
1201 1536 1302 1604 modo
1324 1539 1379 1604 ch'
1401 1536 1434 1604 io
1454 1559 1524 1604 non
1539 1559 1581 1604 so

359 1673 457 1720 come
473 1653 586 1737 quello
601 1653 636 1719 di
651 1651 751 1738 Spira
767 1651 796 1718 si
811 1651 903 1739 possi
918 1655 1093 1733 accettar',
1112 1653 1156 1718 ne
1173 1653 1265 1722 uedo
1277 1655 1379 1720 etiam
1391 1655 1456 1720 che
1468 1654 1584 1739 quello

359 1769 403 1838 de
418 1767 596 1855 Herbipoli
612 1767 782 1856 possiamo
801 1767 962 1855 compire,
981 1789 1018 1836 se
1033 1767 1092 1856 git
1106 1790 1173 1835 non
1197 1769 1377 1837 mandamo
1397 1769 1429 1836 le
1448 1769 1481 1836 al
1500 1769 1580 1838 Set-

359 1885 489 1953 tembre
503 1883 527 1950 il
546 1887 583 1952 P.
602 1885 784 1972 Gregorio.
803 1866 832 1952 E
848 1894 977 1952 uenuta
991 1883 1024 1951 la
1040 1883 1172 1951 minuta
1188 1885 1243 1951 del
1259 1883 1453 1971 Quirinoto:
1472 1885 1582 1972 hoggi

359 2023 413 2070 me
433 2001 456 2067 l’
477 2002 523 2067 ha
543 2001 622 2082 data
641 1999 665 2067 il
685 2000 872 2068 cardinale:
894 1999 928 2066 la
947 2001 1142 2082 uederemo,
1161 2011 1227 2070 etc.
1247 2002 1391 2087 Questo,
1415 2010 1580 2087 quantoe

359 2116 471 2202 quella
486 2117 530 2185 de
547 2133 601 2200 27.
701 2137 705 2146 ·
1265 2125 1270 2136 ”

425 2248 457 2316 5.
505 2233 645 2319 Quanto
660 2232 716 2298 all'
734 2232 832 2312 altra,
849 2231 971 2319 poiche
987 2233 1029 2301 V.
1050 2234 1092 2299 Ρ.
1110 2231 1222 2302 scriue
1236 2234 1355 2302 hauer’
1373 2231 1513 2320 pigliato
1529 2229 1580 2300 ri·

357 2327 528 2446 solutione
545 2347 579 2415 di
595 2349 749 2414 mandar’
770 2369 791 2414 a
807 2350 910 2415 Mtro.
929 2349 1061 2437 Jacobo
1081 2371 1101 2414 a
1118 2347 1235 2436 Parigi
1255 2349 1280 2431 ¹,
1298 2348 1332 2416 io
1347 2371 1416 2416 non
1431 2350 1477 2416 ho
1492 2349 1580 2416 altro

356 2462 522 2552 giudicio,
539 2486 578 2534 se
592 2485 662 2530 non
678 2465 742 2531 che
754 2464 867 2550 quello
882 2465 902 2532 ὲ
918 2463 1081 2551 miglior’‚
1099 2475 1134 2531 et
1155 2469 1269 2532 tomen
1289 2487 1358 2532 non
1378 2464 1522 2532 lasciero
1546 2463 1582 2530 di

357 2591 603 2667 representare
619 2581 663 2647 V.
683 2581 722 2647 P.
742 2579 855 2665 quello
867 2582 932 2648 che
943 2583 988 2645 m'
1002 2601 1153 2649 occorre.
1170 2579 1298 2663 Primo,
1312 2583 1377 2648 che
1389 2582 1451 2647 far’
1465 2589 1581 2647 muta-

358 2695 441 2763 tioni
456 2695 492 2764 in
509 2717 625 2764 mezzo
640 2695 696 2764 del
711 2716 825 2780 curso,
839 2697 858 2762 e
874 2694 1017 2783 pigliato
1032 2719 1092 2784 per
1108 2697 1213 2764 molto
1228 2698 1327 2779 male,
1346 2707 1380 2766 et
1396 2697 1452 2764 dal
1467 2694 1580 2764 cardi·

356 2814 444 2894 nale,
463 2823 498 2882 et
514 2812 558 2880 da
573 2811 665 2879 tutti.
685 2811 736 2879 2.⁰
753 2812 779 2878 ll
801 2812 950 2899 pericolo
969 2815 1034 2881 ohe
1054 2813 1157 2900 quelli
1172 2813 1274 2901 pochi
1293 2812 1438 2881 scholari
1453 2815 1518 2880 che
1533 2815 1578 2880 ha

356 2931 457 2997 Mtro.
473 2930 614 3019 Jacob0,
633 2950 702 2995 non
718 2949 755 2996 se
770 2948 814 2995 ne
830 2927 956 2996 uadino
972 2950 1039 2996 con
1055 2929 1088 2996 la
1103 2929 1302 2999 mutatione.
1323 2926 1374 3015 3.⁰
1390 2929 1464 2996 Che
1479 2951 1537 2997 era
1553 2927 1578 2995 il

354 3045 499 3133 disegno
514 3047 579 3114 che
593 3043 642 3110 lui
658 3043 756 3112 finise
771 3043 796 3111 il
811 3066 922 3126 corSO‚
940 3058 975 3114 et
989 3046 1012 3112 l'
1034 3067 1124 3112 anno
1140 3049 1204 3113 che
1218 3045 1317 3115 viene
1334 3067 1401 3113 non
1419 3044 1447 3112 si
1464 3045 1578 3114 facese

354 3161 442 3229 altro
458 3181 568 3243 corso,
586 3160 746 3230 aecioche
761 3161 784 3228 l'
802 3162 888 3228 altro
909 3182 999 3229 anno
1019 3161 1250 3230 incominciasi
1271 3160 1318 3230 lui
1341 3183 1406 3230 con
1421 3183 1469 3229 un
1490 3183 1576 3250 gran

354 3299 499 3346 numero
514 3278 558 3344 de
574 3276 730 3358 scholari,
749 3278 783 3343 d'
801 3275 825 3343 il
840 3280 905 3346 che
919 3275 967 3344 lui
988 3289 1086 3346 staua
1105 3279 1210 3346 molto
1229 3289 1403 3347 contente.
1425 3279 1486 3362 4.⁰
1507 3276 1575 3346 Gli

354 3396 419 3462 che
435 3394 478 3461 V.
499 3396 539 3461 P.
558 3392 675 3482 uoglia
690 3394 831 3462 mandar
847 3405 968 3480 questo
979 3395 1108 3484 Jacobo
1124 3416 1144 3461 a
1161 3393 1314 3482 Pariggi,
1332 3417 1392 3482 per
1408 3397 1513 3462 amor'
1531 3393 1576 3464 de

353 3509 432 3590 Dio,
450 3509 482 3576 ci
497 3509 612 3577 mandi
628 3531 709 3576 cosa
723 3510 837 3578 buona
851 3531 912 3596 per
927 3508 1078 3598 Dilinga,
1097 3512 1222 3598 perche
1238 3511 1271 3579 io
1294 3511 1339 3576 mi
1356 3511 1488 3580 ricordo
1504 3509 1539 3576 di
1559 3519 1576 3554 ⁸

353 3625 491 3697 Simone
506 3624 690 3708 leodiense,
708 3638 743 3693 et
758 3626 801 3694 de
817 3628 967 3695 Roberto
984 3629 1008 3692 ³:
1023 3627 1047 3693 il
1059 3625 1167 3713 primo
1179 3649 1249 3694 non
1260 3628 1364 3696 credo
1375 3629 1439 3696 che
1451 3627 1502 3694 sia
1512 3647 1574 3714 per

353 3743 465 3828 questi
480 3740 585 3830 paesi,
604 3751 638 3811 et
653 3743 721 3811 ben
735 3743 769 3809 lo
784 3741 947 3810 dimostra
963 3744 1006 3811 V.
1027 3745 1067 3810 P.
1085 3743 1273 3812 dubitando
1284 3746 1349 3812 che
1360 3764 1458 3831 possa
1472 3741 1572 3813 finire

405 3923 421 3956 α
457 3911 551 3985 Supra
563 3929 644 3968 vers.
661 3911 793 3969 additum
806 3929 823 3967 a
835 3910 901 3968 libr.
920 3928 973 3985 pro
985 3912 1035 3969 che
1048 3912 1216 3969 obliterato.

406 4069 414 4101 ¹
452 4064 616 4122 Fridericus
635 4065 850 4138 Wiespergius.
872 4063 948 4122 Vide
966 4065 1057 4138 epist.
1080 4063 1143 4139 373,
1161 4083 1193 4121 n.
1223 4078 1247 4136 13
1271 4064 1335 4138 390,
1359 4084 1389 4123 n.
1419 4079 1446 4136 23
1470 4073 1502 4123 et
1524 4085 1575 4142 ep·

351 4153 440 4228 pend.
459 4154 510 4225 Vl,
527 4153 594 4226 Vll,
608 4154 695 4210 XVII
708 4163 739 4211 et
752 4155 821 4210 XX.

402 4247 414 4280 ¹
450 4243 527 4300 Vide
540 4243 627 4316 epist.
641 4241 704 4312 388,
718 4262 750 4299 n.
770 4255 794 4298 1.
809 4242 945 4300 Canisius
957 4243 1094 4315 Borgise,
1106 4243 1123 4298 6
1137 4244 1209 4316 Julii
1223 4244 1302 4318 1566,
1322 4245 1396 4301 haec
1407 4243 1445 4301 de
1462 4246 1577 4318 Jacobo

349 4331 476 4407 scripsit:
491 4331 625 4388 «Adesso
636 4331 720 4389 detto
732 4333 766 4388 P.
780 4332 866 4388 Natat
880 4341 926 4390 sta
938 4333 1114 4406 negotiando
1126 4351 1178 4406 per
1191 4333 1312 4391 mandet
1329 4342 1429 4408 presto
1446 4353 1465 4390 a
1482 4337 1578 4395 Parisi

350 4424 394 4480 M.
410 4422 552 4480 Giacomo
566 4421 756 4480 Valentiano.
768 4461 775 4479 .
786 4442 815 4478 .»

400 4512 413 4546 ³
449 4513 560 4582 Simon,
573 4512 743 4585 leodiensis,
756 4531 774 4568 e
790 4511 956 4571 Ssccttnto
968 4515 1040 4587 (loc.
1060 4515 1130 4588 cit.,
1143 4517 1198 4573 lib.
1216 4515 1255 4590 V,
1272 4533 1305 4573 n.
1322 4515 1370 4586 98)
1384 4517 1522 4583 Emitte,
1537 4520 1575 4573 ab

348 4603 512 4660 Aoetcoen
525 4610 624 4659 sutem
636 4604 726 4674 (Dec.
742 4601 796 4673 ΙΙΙ,
809 4621 843 4660 n.
861 4605 924 4674 171)
942 4604 1100 4662 Demesius
1112 4615 1308 4680 nuncupatur.
1324 4607 1472 4663 Robertus
1485 4605 1575 4666 Giru-

347 4691 416 4765 lius,
429 4693 477 4750 vel
491 4693 641 4767 Bymlius.
659 4692 734 4748 Vide
747 4690 811 4765 ejus
824 4711 958 4766 examen,
974 4695 1071 4768 Epist.
1090 4695 1208 4769 Notat,
1223 4697 1262 4768 ΙΙ,
1275 4697 1338 4767 581.
