3322 5370
541 501 558 556 8
577 502 728 573 Januaau
749 487 833 570 1567'
1207 505 1259 576 365

99 652 242 722 struttioni
264 654 327 720 che
352 654 396 720 V.
415 654 457 720 R.
476 652 563 733 dice,
582 672 651 718 non
667 651 713 720 mi
734 651 867 720 ricordo
887 654 980 740 quali
1001 654 1108 738 siano;
1126 677 1191 743 pur
1207 677 1296 743 pen-

98 771 167 837 sari.
182 771 218 836 L'
234 767 445 834 annotationi
461 789 560 854 sopra
575 770 608 834 le
628 767 862 836 constitutioni
878 791 948 836 non
968 771 1120 837 andorno
1141 771 1292 839 innanzi:

98 887 257 952 solarneme
268 885 314 948 ho
325 883 412 949 fatto
425 905 472 950 un
483 883 633 950 sumario
643 905 665 950 a
676 882 745 949 mio
757 885 869 967 m0d03
884 905 921 952 se
937 886 1050 970 quello
1064 889 1163 953 uorra
1174 889 1219 955 V.
1234 889 1293 968 R„

99 1001 182 1068 ilche
195 1019 260 1064 non
275 998 391 1078 credo,
409 997 514 1084 glielo
529 997 628 1084 potrd
644 999 811 1066 mandar'.

149 1131 177 1197 7.
219 1113 355 1181 Giouan
372 1112 529 1197 Battista,
547 1124 689 1197 sartore,
707 1135 746 1181 se
761 1115 886 1183 uedera
903 1137 940 1184 se
960 1114 989 1182 si
1009 1120 1107 1202 potra
1123 1116 1295 1184 rimandar

97 1228 329 1310 inGennania‚
347 1239 383 1294 et
403 1227 432 1294 si
451 1226 593 1295 scriuira
613 1229 646 1294 al
668 1239 795 1297 rettore
809 1228 845 1294 di
866 1228 1048 1311 Fiorenza‚
1066 1231 1156 1300 doue
1176 1241 1239 1300 sta.
1259 1234 1293 1300 A

96 1345 204 1412 Uienna
219 1344 247 1410 si
262 1339 390 1412 aedera
404 1341 439 1410 di
455 1343 597 1411 mandat
613 1365 661 1410 un
676 1344 854 1412 sacerdote
869 1347 1050 1432 spagnolo‚
1069 1367 1167 1414 corne
1185 1347 1228 1414 V.
1248 1349 1290 1414 R.

96 1460 121 1525 lo
136 1459 260 1527 riceroe.
283 1458 417 1527 Perchi
438 1458 474 1524 di
494 1479 563 1545 qua
586 1457 744 1526 andiamo
767 1461 942 1526 mettendo
965 1460 1002 1528 in
1024 1460 1144 1530 ordine
1163 1463 1195 1530 le
1214 1482 1295 1530 cose

95 1574 279 1660 apertenenti
305 1574 372 1642 alla
399 1573 472 1640 uita
498 1572 534 1640 di
561 1584 678 1640 nostro
700 1576 740 1640 P.
764 1574 910 1661 ignatio,
935 1575 970 1640 di
997 1587 1095 1643 santa
1117 1578 1291 1660 memoria,

96 1691 199 1758 hauerd
212 1693 315 1756 charo
330 1690 395 1756 che
411 1691 454 1756 V.
474 1690 515 1757 R.
535 1689 651 1756 mandi
666 1709 731 1755 con
743 1690 776 1756 la
790 1689 899 1775 prima
911 1691 1081 1758 comodita
1093 1693 1125 1759 le
1137 1712 1217 1761 cose
1229 1696 1294 1760 che

97 1805 168 1874 tiene
184 1805 217 1872 di
236 1827 328 1885 esso,
351 1803 430 1871 delli
450 1803 559 1871 scritti
582 1803 670 1886 suoi,
688 1815 724 1873 et
746 1825 826 1874 cose
849 1815 966 1873 notate
989 1829 1049 1892 per
1066 1809 1108 1874 V.
1128 1809 1169 1876 R.
1192 1829 1213 1874 ο
1233 1829 1296 1894 per

96 1920 166 2000 altri,
180 1921 213 1987 in
224 1923 322 1988 fuora
333 1921 368 1985 di
380 1920 494 2005 quello
505 1921 571 1987 che
586 1918 747 1987 scrissero
767 1919 791 1985 li
812 1920 915 1988 Padri
938 1920 1022 1989 Luis
1041 1923 1239 2006 Goncalez¹
1258 1934 1294 1990 et

97 2037 344 2122 Ribadeneyra¹3
363 2046 399 2104 et
418 2034 660 2120 specialmente
678 2034 702 2101 li
723 2034 832 2101 scritti
852 2035 886 2101 di
907 2056 987 2102 cose
1007 2035 1041 2102 di
1061 2035 1235 2104 diuotione
1259 2046 1295 2106 et

95 2151 265 2218 sentimenti
274 2149 443 2237 spirituali
454 2148 489 2216 di
500 2145 602 2216 man'o
615 2149 650 2216 di
662 2150 709 2218 N.
723 2153 778 2216 P..
789 2151 887 2218 Oltre
898 2161 1033 2236 questo,
1043 2172 1080 2218 se
1093 2151 1183 2220 tiene
1196 2153 1294 2219 alcu-

95 2288 127 2332 ne
148 2288 217 2334 cose
242 2265 457 2352 apertcnenti
483 2265 516 2332 al
539 2264 705 2351 principio
727 2265 816 2332 della
838 2247 1064 2352 Compa‘gnia,
1089 2266 1294 2334 medesima-

93 2393 184 2448 mente
198 2382 227 2448 ci
242 2383 277 2448 lo
292 2380 409 2448 mandi
424 2401 484 2465 per
499 2379 523 2446 il
538 2379 733 2465 supradicto
749 2382 869 2447 effetto
884 2381 974 2447 della
990 2380 1140 2449 historia.

144 2499 172 2562 8.
215 2499 261 2567 Se
288 2497 413 2563 alcuno
439 2495 519 2564 delli
549 2493 744 2580 prouintiali
771 2517 840 2560 non
872 2495 1054 2562 hauessino
1085 2498 1244 2565 mandato
1271 2520 1292 2565 a

93 2614 180 2680 Roma
192 2613 223 2682 le
238 2611 442 2700 professioni
457 2610 492 2676 di
508 2630 530 2694 4
545 2632 567 2677 o
584 2622 636 2677 tre
653 2610 734 2692 uoti,
750 2621 784 2679 et
796 2610 900 2696 quelli
911 2611 945 2676 di
958 2611 1145 2679 coadiutori
1158 2613 1293 2681 formati

91 2725 184 2796 disua
196 2727 378 2815 prouintia‚
395 2726 427 2793 ci
443 2725 466 2794 ii
481 2724 654 2806 nandino,
672 2747 693 2792 o
709 2726 844 2794 almeno
859 2727 891 2793 la
906 2737 987 2793 nota
1002 2726 1057 2794 del
1073 2728 1147 2794 loco
1159 2736 1193 2794 et
1204 2739 1293 2794 tern-

92 2864 135 2926 po,
150 2853 179 2910 et
193 2843 228 2909 in
242 2843 299 2910 cui
315 2841 408 2907 mani
423 2841 452 2907 si
468 2842 581 2909 fecero
597 2843 691 2909 detta
706 2839 918 2927 professioni3
933 2853 968 2909 et
979 2843 1069 2909 douc
1085 2865 1154 2909 non
1167 2845 1292 2911 haues-

92 2979 152 3025 sero
165 2961 323 3028 mandato
338 2960 447 3024 anche
463 2979 483 3023 a
499 2959 607 3024 Roma
622 2957 646 3020 l’
664 2953 797 3042 origine
813 2966 848 3024 et
863 2955 1029 3042 principio
1045 2959 1079 3024 di
1095 2959 1171 3025 suoi
1186 2960 1292 3028 colle-

92 3072 128 3158 gij
140 3095 159 3139 o
171 3095 259 3155 casa,
277 3074 311 3140 le
327 3071 500 3152 mandino,
523 3063 689 3137 auisando
708 3091 746 3138 se
768 3070 800 3137 ei
819 3093 904 3138 sono
925 3071 1047 3142 alcune
1066 3072 1252 3140 conditioni
1272 3096 1293 3140 o

91 3187 279 3275 obligationi,
296 3198 332 3255 et
347 3186 451 3273 quali,
468 3197 504 3255 et
519 3207 617 3253 come
632 3185 661 3253 si
677 3184 859 3273 pigliorn0‚
877 3186 972 3254 accio
988 3187 1017 3253 si
1034 3189 1140 3256 faccia
1151 3187 1187 3254 di
1202 3198 1294 3256 tutto

91 3305 227 3372 memoria
238 3305 274 3371 in
291 3325 340 3370 un
355 3302 452 3370 libro.
472 3300 686 3371 Similmente
697 3302 741 3369 de
752 3303 841 3369 doue
854 3324 923 3368 non
936 3303 1118 3370 hauessino
1130 3305 1292 3371 mandato

91 3417 115 3484 ie
126 3420 211 3506 copie
224 3420 260 3486 di
275 3418 352 3486 suoi
368 3417 513 3485 contrati
529 3416 571 3514 di.
579 3416 792 3498 fundatione,
810 3418 843 3486 le
855 3418 1030 3499 mandino‚
1044 3439 1065 3485 ο
1078 3419 1210 3486 almeno
1224 3441 1292 3488 una

91 3554 212 3616 summa,
229 3537 320 3602 doue
335 3535 365 3600 si
381 3533 489 3600 faccia
503 3532 676 3601 mentione
691 3532 770 3600 delli
793 3533 874 3602 beni
893 3535 1070 3619 temporali
1089 3536 1154 3602 che
1175 3536 1292 3602 hanno

92 3648 181 3731 turri,
193 3662 286 3719 tanto
302 3651 346 3718 de
362 3647 563 3735 posessioni,
578 3639 724 3717 comedi
740 3649 844 3728 censi,
860 3648 996 3716 citando
1012 3649 1044 3716 le
1055 3649 1214 3719 scritture
1228 3671 1291 3718 au-

92 3767 220 3836 tutiche
230 3769 296 3834 che
307 3769 433 3832 hanno.
449 3765 492 3830 Et
504 3773 623 3849 questa
636 3785 767 3831 summa
782 3763 912 3850 uenghi
924 3765 1131 3832 sottoscritta
1143 3765 1198 3832 del
1210 3787 1292 3852 pro-

93 3879 210 3949 uintiale
224 3893 258 3950 et
274 3892 414 3962 restore,
431 3902 492 3967 per
507 3879 663 3947 metterla
677 3881 786 3946 anche
801 3879 837 3946 in
852 3901 901 3946 un
916 3879 1014 3961 libro,
1032 3879 1171 3967 agiouto
1186 3879 1210 3945 il
1226 3902 1294 3947 nu-

93 3998 209 4064 uerodi
220 3997 325 4084 quelli
337 3995 443 4063 chesi
454 4016 604 4083 possono
615 4005 784 4063 sostentar
795 4015 863 4063 con
878 3996 910 4064 le
923 4005 1054 4064 entrate
1065 4018 1086 4062 0
1099 3995 1293 4082 prouisione

92 4113 248 4196 ordinarie,
266 4122 302 4183 et
316 4111 421 4197 quelli
436 4113 501 4180 che
524 4111 752 4179 aetuahnente
776 4111 811 4177 ui
832 4133 940 4193 sono;
966 4123 1000 4180 et
1021 4133 1058 4180 se
1079 4110 1293 4179 mancassino

92 4223 276 4240 “—

132 4269 139 4300 ¹
172 4268 262 4322 «Acta
280 4267 314 4322 P.
333 4264 452 4337 ignatii,
471 4272 505 4319 ut
520 4263 645 4336 primum
665 4263 784 4336 scripsit
801 4264 837 4319 P.
860 4262 1028 4319 Ludovicus
1051 4263 1197 4319 Gonzales
1215 4262 1293 4318 exci-

92 4349 155 4419 piens
166 4373 201 4412 ex
213 4374 261 4414 ore
274 4358 369 4430 ipsius
382 4354 489 4411 Patris.
498 4371 512 4408 »
526 4353 592 4408 Hoc
605 4354 772 4424 exemplum
786 4370 802 4408 a
816 4353 913 4408 Natali
926 4352 1042 4425 propria
1052 4369 1138 4408 manu
1148 4359 1292 4422 notatum,

93 4451 169 4500 exstat
180 4447 253 4503 inter
263 4446 385 4503 codices
398 4443 570 4501 vaticanos.
590 4441 664 4498 Vide
677 4443 778 4516 Epist.
796 4442 920 4514 Natat„
933 4443 958 4512 1,
971 4455 1023 4513 xc,
1036 4455 1100 4497 xci.

132 4537 142 4568 ¹
173 4537 244 4592 Acta
256 4536 292 4592 S.
309 4534 430 4607 Ignatii,
443 4531 658 4589 Ribadeneirae
670 4549 770 4602 manu,
782 4531 887 4604 partim
901 4530 1003 4604 latine,
1021 4529 1126 4603 partim
1143 4529 1294 4602 hispanice

95 4622 191 4696 scripu,
205 4625 234 4681 in
245 4625 349 4682 codice
360 4623 379 4678 6
391 4622 503 4678 archivi
519 4620 626 4678 secreti
639 4620 785 4689 Vaticani,
804 4620 855 4676 iol.
874 4618 926 4690 358
940 4628 971 4676 et
987 4637 1081 4692 seqq.‚
1095 4627 1294 4692 asservantur,

97 4709 158 4767 ute
167 4713 222 4784 iila,
234 4714 349 4771 anobis
361 4711 486 4782 edenda,
499 4709 744 4782 transcripsimus.
