3494 5392
575 465 771 521 Puooaurou
790 475 897 522 maru
916 476 1086 520 voruumrs
1367 477 1409 520 xv

194 616 376 705 apostatis
391 615 552 688 exhibita
570 617 670 704 (293).
688 617 858 698 Natalem,
881 617 981 702 cujus
1004 616 1197 702 prudentia,
1224 615 1391 684 industria
1409 628 1444 684 et

198 742 383 809 indefesso
401 740 522 809 labore
540 751 674 808 tantum
687 739 801 825 juvari
817 740 1025 809 Germaniae
1041 740 1251 828 provinciam
1267 742 1442 822 cernebat,

202 867 338 934 ibidem
354 866 497 952 longius
517 866 692 933 immorari
715 865 848 933 curavit
872 866 973 954 (251).
998 868 1089 935 Cum
1112 879 1226 937 autem
1249 866 1445 954 provinciae

205 1013 316 1061 onere
331 1001 554 1078 gravaretur,
572 989 771 1076 praesertim
787 1011 866 1056 cum
883 989 1018 1078 magnis
1030 1013 1072 1060 eo
1086 1001 1241 1079 tempore
1254 992 1445 1060 tribulatio·

209 1117 313 1184 nibus
345 1115 404 1184 illa
436 1126 633 1195 vexaretur,
667 1116 710 1182 de
733 1115 859 1200 quibus
877 1114 922 1181 ¹in
950 1115 1094 1201 epistola
1117 1117 1159 1182 ad
1183 1118 1341 1185 Natalem
1365 1118 1445 1184 data
1529 1195 1534 1207 ¹

211 1244 469 1312 lamentabatur
484 1242 586 1329 (472),
605 1243 699 1309 nullo
715 1253 818 1329 pacto
832 1240 891 1308 illo
907 1263 1049 1311 munere
1065 1242 1242 1310 Canisium
1254 1264 1444 1311 exoneran-

216 1369 290 1434 dum
307 1365 450 1434 censuit
466 1365 611 1448 Natalis,
629 1387 694 1435 nec
710 1365 801 1432 enim
823 1365 940 1447 alium,
965 1365 1024 1450 qui
1046 1367 1078 1434 ei
1100 1365 1207 1454 digne
1229 1369 1442 1450 succederet,

210 1515 244 1560 se
265 1492 360 1559 scire
378 1492 554 1560 fatebatur
579 1492 682 1579 (494).
709 1493 753 1558 Et
775 1494 863 1560 haee
886 1492 930 1560 de
958 1494 1067 1560 Beato
1095 1491 1235 1559 Canisio
1259 1491 1443 1574 sufficiant;

207 1616 371 1701 quamvis
385 1615 478 1684 enirn
495 1615 605 1682 multa
617 1614 693 1696 alia,
707 1637 818 1702 eaque
829 1614 949 1703 magni
963 1615 1136 1703 ponderis,
1155 1617 1191 1683 in
1207 1616 1303 1684 hisce
1324 1616 1446 1686 litteris

209 1740 441 1828 reperiantur,
472 1739 532 1826 qui
560 1740 664 1825 hujus
692 1738 826 1826 egregii
853 1738 917 1806 viri
948 1752 1048 1827 gesta
1073 1740 1208 1828 plenius
1235 1762 1446 1829 cognoscere

213 1877 326 1946 aveat,
337 1864 496 1952 ejusdem
509 1863 685 1951 epistolas,
700 1865 744 1932 ab
755 1864 891 1934 erudito
904 1867 944 1932 P.
960 1867 1089 1934 Ottone
1102 1866 1361 1954 braunsberger
1372 1867 1445 1934 edi·
1521 1907 1523 1911 v

218 2005 266 2056 tas
281 2000 320 2056 et
339 1989 507 2070 edendas,
524 1989 626 2056 adeat
640 2009 782 2057 necesse
801 1999 865 2056 est.

280 2377 363 2451 5pm
417 2368 523 2434 Gesta
547 2367 671 2432 Patris
691 2365 1037 2452 Nadab-Quamvis
1060 2389 1114 2434 res
1141 2370 1311 2437 hactenus
1337 2369 1448 2438 dictae

219 2515 345 2580 magna
360 2503 463 2580 parte
479 2492 524 2559 ad
538 2493 695 2560 Natalem
712 2493 917 2572 referantur,
935 2491 1010 2577 ejus
1025 2502 1125 2579 gesta
1140 2514 1233 2560 nunc
1249 2492 1447 2580 singillatim

222 2617 428 2706 attingenda
449 2617 621 2684 videntur.
642 2619 682 2683 ln
701 2619 769 2683 hoc
789 2613 897 2703 igitur
922 2616 1023 2685 tertio
1050 2617 1269 2703 epistolarum
1297 2618 1383 2687 libro
1411 2641 1451 2689 ea

219 2765 300 2831 pars
315 2743 410 2810 vitae
427 2741 560 2810 Natalis
576 2740 784 2821 continetur,
803 2763 891 2827 quae
906 2741 950 2808 ab
966 2739 1042 2826 ejus
1057 2741 1094 2808 in
1108 2743 1329 2810 Germaniam
1344 2767 1449 2832 expe-

218 2867 367 2950 ditione,
386 2866 444 2936 die
460 2883 481 2950 7
497 2865 675 2936 Februarii
695 2867 791 2950 1566,
814 2886 925 2951 usque
944 2867 987 2932 ad
1007 2865 1115 2953 ipsius
1134 2869 1269 2936 beatam
1290 2880 1447 2952 mortem,

219 3011 239 3078 5
257 2992 394 3079 Aprilis
414 2990 693 3076 158o,'excurrit.
712 2991 811 3059 Haec
833 3001 947 3057 autem
969 2991 1089 3059 ultima
1107 2991 1199 3060 vitae
1219 2993 1351 3062 Natalis
1371 3017 1450 3082 pars

218 3117 405 3205 tripliciter
420 3116 590 3204 dispertiri
606 3117 786 3184 commode
802 3125 926 3203 potest3
945 3137 1024 3184 nam
1036 3117 1145 3204 primo
1156 3117 1373 3205 inspectoris,
1388 3142 1450 3188 seu

218 3253 263 3310 ut
279 3242 378 3328 ajunt
400 3240 627 3309 «visitatoris»
650 3261 776 3308 munus
796 3239 903 3307 obivit
923 3241 1058 3308 duobus
1079 3243 1177 3310 annis
1197 3263 1275 3310 cum
1295 3244 1447 3327 dimidio,

217 3368 367 3449 scilicet,
383 3391 404 3436 a
421 3389 541 3436 mense
556 3365 743 3434 Februario
764 3366 849 3450 1566
865 3367 910 3433 ad
925 3367 1124 3454 Augustum
1146 3369 1242 3453 1568,
1260 3368 1295 3436 in
1311 3369 1451 3456 provin-

214 3491 286 3560 ciis
314 3491 540 3575 Germaniae,
574 3489 755 3572 Austriae,
784 3490 914 3572 Rheni,
944 3491 1123 3560 Flandriae
1150 3503 1185 3560 et
1212 3494 1357 3564 Galliae.
1386 3498 1451 3566 Se-

210 3619 354 3699 cundo,
377 3617 528 3685 vicarius
548 3615 720 3704 generalis
740 3638 761 3683 a
781 3615 909 3704 Borgia
929 3616 1139 3700 nominatus,
1168 3627 1273 3686 totam
1296 3621 1451 3690 Societa-

214 3757 290 3814 tem
322 3741 484 3830 (demptis
505 3741 694 3829 Hispaniae
716 3740 900 3828 provinciis
923 3762 1034 3828 usque
1057 3744 1099 3809 ad
1122 3743 1269 3811 reditum
1293 3745 1451 3834 Borgiae)

213 3867 436 3957 gubernavit
452 3869 495 3935 ab
511 3867 610 3934 initio
618 3866 700 3956 Julii
717 3881 798 3950 1571
813 3867 856 3932 ad
868 3847 1043 3934 ineuntem
1057 3868 1244 3936 Octobrem
1257 3869 1337 3936 anni
1354 3887 1449 3956 1572.

213 3991 359 4070 Tertio,
384 3993 534 4058 ultimam
554 4001 768 4062 senectutem
790 3991 957 4078 transegit
976 3993 1096 4079 procul
1116 3994 1312 4081 anegotiis,
1330 3998 1451 4085 partim

214 4118 338 4187 Halae
356 4116 391 4182 in
407 4117 603 4198 Germania,
622 4139 642 4185 a
657 4137 774 4184 mense
790 4115 922 4184 seilicet
938 4117 1030 4202 Majo
1051 4131 1135 4202 1574
1150 4119 1194 4186 ad
1205 4120 1336 4208 Julium
1353 4139 1449 4207 1577,

211 4240 349 4328 partim
377 4241 520 4322 Romae,
549 4259 674 4308 avere
697 4237 778 4306 anni
806 4240 904 4323 1578,
933 4260 1044 4325 usque
1067 4241 1110 4308 ad
1133 4241 1241 4328 ipsius
1264 4244 1407 4326 obitum,
1433 4263 1451 4330 5

217 4363 355 4452 Aprilis
374 4366 470 4450 1580.
489 4367 546 4433 De
559 4363 705 4452 singulis
720 4362 816 4432 hisce
832 4363 988 4451 partibus
1002 4365 1153 4435 breviter
1168 4367 1386 4440 disseremus.

291 4495 324 4578 a)
370 4491 512 4559 Natalis
535 4491 674 4577 inspicit
692 4490 815 4556 varias
829 4490 1319 4577 provinciae-Gramina
1343 4516 1454 4564 sura-

218 4635 381 4699 rttouau,
410 4615 519 4703 primo
539 4616 631 4701 locu,
653 4625 688 4684 et
711 4635 845 4684 summa
865 4614 1002 4701 quidem
1026 4615 1218 4706 diligentia,
1242 4621 1452 4710 peragravit,
