3482 5386
576 477 611 533 27
630 463 828 518 811111113ωο
850 462 919 532 1576
1269 476 1323 555 725

140 625 175 682 to
189 614 242 682 ch’
255 617 286 685 el
297 615 424 704 Signor
436 616 573 706 agiutti,
586 615 643 704 poi
654 615 684 684 si
696 618 730 682 fa
741 637 801 702 per
817 614 1023 699 obedientia,
1032 616 1134 683 etiam
1148 626 1267 684 contra
1279 618 1359 702 quel

138 732 204 799 che
218 729 252 798 io
267 731 413 814 sentium
431 753 486 799 ma
501 732 651 802 entendo
666 733 721 798 dal
744 733 785 798 P.
804 730 976 799 Florentio
992 733 1057 797 che
1071 731 1171 813 seria,
1189 753 1259 798 non
1274 754 1314 799 so
1329 733 1359 800 si

141 845 259 913 diceua
274 847 479 929 necessarie,
494 848 559 916 che
574 848 618 914 V.
635 849 674 914 Ρ.
693 845 785 913 dassi
801 847 893 913 calor
907 868 930 931 y
945 845 1105 914 animassi
1121 846 1224 932 quelli
1241 847 1355 928 Padri,

141 960 379 1046 specialmente
393 961 415 1028 11
435 965 474 1030 P.
495 961 668 1032 Harlemio
683 963 692 996 ¹
709 983 732 1048 y
748 961 894 1048 Trigoso
906 961 932 1044 ',
949 983 972 1048 y
987 960 1022 1028 io
1037 961 1186 1030 ensieme
1200 961 1235 1029 10
1250 984 1357 1050 prego

139 1077 216 1144 aV.
237 1080 296 1159 Ρ.;
315 1077 448 1146 11000111
469 1078 513 1146 de
532 1078 622 1144 bona
641 1077 756 1164 voglia
771 1078 875 1146 credo
895 1075 1138 1165 pigliarann0⁸
1159 1075 1183 1142 il
1203 1077 1354 1166 negotio.

141 1192 280 1258 Intendo
298 1193 354 1259 dal
375 1194 414 1260 P.
434 1191 601 1262 Ximenez
620 1215 643 1278 y
662 1192 847 1273 Florentio,
872 1195 937 1261 che
957 1193 991 1259 13
1012 1195 1052 1260 P.
1076 1193 1119 1260 V.
1138 1196 1182 1261 ha
1202 1193 1358 1260 ordinato

140 1308 200 1374 che
215 1306 244 1374 si
259 1307 306 1373 mi
321 1307 435 1376 mandi
451 1330 497 1374 vn
512 1310 582 1376 bon
597 1330 802 1396 compagno.
822 1307 881 1378 Sia
903 1329 964 1395 per
984 1308 1008 1373 l'
1025 1329 1120 1375 amor
1140 1309 1196 1377 del
1216 1308 1353 1396 Signor.

139 1421 207 1490 Son
222 1423 373 1510 indegno
389 1423 424 1491 di
440 1423 526 1491 tanti
546 1423 698 1492 benefitii
719 1425 784 1490 che
800 1425 843 1491 V.
864 1426 904 1490 Ρ.
924 1423 970 1490 mi
991 1426 1036 1490 fa.
1054 1423 1113 1492 Gli
1132 1423 1240 1511 piglio
1260 1444 1357 1492 come

141 1538 295 1605 damano
311 1538 346 1604 di
361 1537 467 1605 Iddio.
485 1538 651 1608 Desidero
666 1542 730 1606 che
749 1539 782 1606 la
799 1542 838 1606 P.
858 1541 902 1607 V.
920 1538 1099 1608 determini
1113 1539 1170 1606 chi
1185 1541 1229 1605 ha
1245 1537 1279 1605 di
1295 1560 1356 1625 pa·

140 1673 200 1738 gar
214 1653 238 1718 il
253 1675 315 1720 suo
331 1653 468 1721 viatico.
489 1656 576 1721 Pare
592 1654 699 1742 (salua
713 1655 745 1720 la
760 1654 901 1722 voluntd
916 1655 989 1740 sua)
1005 1656 1072 1724 che
1088 1653 1191 1740 quelli
1207 1654 1241 1720 di
1252 1653 1356 1721 Fian-
1372 1679 1376 1686 ·

137 1769 197 1834 dra
219 1791 289 1836 non
309 1769 493 1839 hauessino
513 1770 664 1855 pagarlo,
687 1770 799 1836 dando
820 1768 844 1834 il
863 1769 1018 1837 subiecto
1038 1793 1060 1856 y
1080 1769 1254 1856 pigliando
1274 1791 1355 1836 cura

140 1883 224 1953 delle
238 1882 379 1972 imagini
394 1894 460 1953 etc.
475 1885 519 1952 V.
535 1888 574 1952 P.
591 1884 623 1952 lo
636 1883 757 1965 ordini,
772 1906 809 1953 se
822 1883 870 1972 gli
886 1906 978 1972 pare,
993 1895 1027 1953 et
1042 1906 1140 1952 corne
1156 1884 1204 1971 gli
1217 1905 1303 1970 pare
1319 1885 1355 1950 10

140 1997 182 2063 mi
197 2009 295 2066 trouo
309 1998 397 2067 assai
409 1998 596 2086 indisposto
608 2009 642 2066 et
653 2001 765 2067 veddo
781 2023 801 2066 a
815 2001 848 2066 13
858 2000 950 2068 clara
962 2001 1027 2068 che
1042 1999 1091 2086 gli
1107 2016 1150 2081 70
1166 2020 1313 2085 operano
1327 2000 1351 2064 ³:

139 2135 232 2198 spero
247 2116 312 2182 che
328 2117 426 2200 potrd
439 2115 518 2203 algo
530 2117 633 2182 hezer
644 2115 760 2182 auanti
772 2116 826 2184 del
839 2116 919 2195 fine,
933 2113 957 2180 11
969 2116 1048 2200 qual
1059 2113 1106 2180 mi
1121 2113 1176 2181 dia
1188 2114 1212 2179 il
1228 2113 1355 2200 Signor

140 2228 174 2292 in
184 2236 266 2314 pace
281 2231 320 2296 in
336 2230 486 2316 idipsum
503 2251 563 2316 per
578 2251 640 2297 sua
652 2230 894 2311 misericordia,
912 2241 948 2298 et
962 2252 983 2297 3
998 2231 1042 2297 V.
1062 2232 1102 2297 P.
1121 2228 1279 2297 conserui
1294 2249 1355 2316 per

139 2345 229 2411 molti
244 2345 324 2412 anni
342 2365 400 2432 per
416 2345 548 2432 magior
563 2345 673 2433 gioria
687 2368 750 2412 sua
766 2357 800 2414 et
816 2355 1003 2432 augmento
1017 2347 1106 2414 della
1128 2343 1351 2432 Compagnia.

138 2460 212 2528 Alle
226 2460 373 2528 orationi
388 2471 423 2528 et
439 2459 540 2528 misse
552 2461 641 2528 della
662 2463 702 2528 Ρ.
722 2462 767 2528 V.
784 2461 819 2526 di
834 2481 939 2530 cuore
953 2459 1000 2526 mi
1016 2460 1213 2527 ricomando
1229 2469 1264 2528 et
1274 2459 1353 2526 delli

140 2576 236 2642 Padri
257 2575 428 2645 assistenti
448 2585 483 2643 et
505 2577 561 2645 del
582 2577 693 2645 Padre
712 2575 906 2645 secretario.
925 2576 970 2643 Di
992 2577 1125 2663 Ispruc,
1149 2593 1190 2658 27
1211 2575 1254 2641 de
1274 2575 1356 2642 Set·-

140 2693 266 2762 tembre
281 2693 378 2776 1576.
397 2694 440 2760 D.
458 2694 498 2759 P.
513 2694 558 2762 V.
576 2713 678 2760 seruo
692 2691 728 2757 in
744 2691 821 2773 X.⁰,

940 2817 1126 2992 tNAyAL·
1153 2817 1177 2904 †

200 3041 380 3126 Inscriptio
397 3041 435 3107 in
450 3043 576 3126 quanto
585 3042 734 3127 pagina,
746 3039 818 3105 alia
833 3017 951 3105 manu:
968 3040 991 3127 †
1008 3037 1204 3106 Admodum
1216 3037 1303 3103 Rdo.
1318 3035 1354 3102 in

136 3155 268 3223 Christo
291 3155 386 3223 Patri
408 3157 453 3224 N.
477 3158 517 3222 P.
541 3156 714 3223 Euerardo
737 3153 964 3234 Mercuriano,
987 3152 1179 3239 praeposito
1202 3151 1354 3238 generali

102 3307 104 3312 ·
136 3269 313 3338 Societatis
328 3273 424 3359 Jesu.
447 3272 587 3339 Romae.
610 3271 692 3337 Alia
718 3290 826 3336 manu
839 3292 849 3334 .·
877 3269 968 3352 1576.
996 3268 1125 3353 Ispruc.
1152 3268 1192 3333 P.
1218 3266 1350 3333 Natale.

137 3401 177 3467 27
196 3386 285 3472 [711’re
307 3402 341 3469 7.
355 3386 475 3474 Sigilli
490 3387 684 3474 vestigium.
1376 3366 1381 3376 ¹

189 3600 204 3634 ²
230 3591 314 3660 Aut„
323 3589 537 3664 pignoranda.

140 3695 333 3706 ——-

189 3746 198 3777 ¹
233 3741 267 3799 P.
283 3741 412 3814 Joannes
425 3740 601 3797 Harlemius.
616 3738 693 3794 Vide
706 3737 792 3812 epist.
808 3735 871 3806 5863
886 3744 916 3792 et
929 3747 992 3807 591.

186 3837 197 3866 ¹
232 3830 266 3886 P.
281 3831 386 3886 Petrus
399 3829 533 3900 Trigoso,
551 3837 647 3884 rector
663 3826 781 3898 collegii
799 3824 1015 3897 antverpiensis
1034 3831 1096 3879 erat
1114 3838 1190 3879 anno
1209 3834 1286 3892 1574.
1305 3818 1353 3877 Cf.

139 3919 278 3992 Hnnsnu,
291 3920 346 3974 loc.
361 3919 424 3988 cit.,
438 3935 507 3991 pag.
519 3915 583 3988 693.

187 4011 198 4043 ⁵
233 4011 324 4064 Aetas
337 4024 379 4063 sc.
393 4020 429 4076 70
445 4024 596 4063 annorum.
616 4006 729 4061 Natalis
746 4012 827 4061 ortus
844 4003 900 4060 fuit
916 4003 965 4059 die
981 4015 1010 4058 11
1031 4001 1161 4074 Augusti
1178 4015 1254 4056 anno
1274 4009 1354 4067 1507.

136 4096 207 4153 Vide
219 4097 317 4170 Epist.
332 4095 488 4166 Natal.,'1,
502 4107 544 4150 v1.
1093 4081 1096 4090 ’
1341 4117 1346 4126 ,
