3414 5374
415 505 470 562 626
803 505 908 560 Errsr.
928 502 962 557 P.
983 499 1184 570 Nonae-531

385 655 521 735 ricordi,
541 665 576 723 et
590 654 657 722 alla
672 654 832 742 giornata
845 675 883 722 se
898 652 921 720 li
937 654 1102 734 daranno‚
1116 661 1152 720 et
1166 671 1321 738 speramo
1333 650 1367 715 la
1376 669 1459 716 cosa
1473 647 1614 716 riusciri

384 793 446 859 per
462 771 569 837 molto
585 769 727 837 seruitio
744 769 777 837 d'
793 769 889 837 lddio
904 770 949 836 N.
968 769 1022 849 S.,
1040 765 1096 834 cui
1109 766 1221 855 gratia
1237 765 1287 833 sia
1302 786 1436 852 sempre
1451 762 1490 829 in
1503 765 1548 832 V.
1562 765 1610 846 R,

385 887 475 955 nelle
490 885 548 953 cui
563 884 709 952 orationi
725 895 760 952 et
771 884 828 954 del
843 906 908 952 suo
925 903 1131 969 compagno,
1145 892 1180 950 et
1191 881 1280 948 delle
1294 881 1363 948 due
1374 877 1611 966 prouincie,di
1628 975 1632 982 Ι

384 1001 531 1069 Francia
553 1010 588 1068 et
611 1001 809 1086 Aquitania,
827 1001 935 1067 molto
950 1001 989 1066 in
1012 998 1163 1065 Domino
1183 996 1216 1062 ci
1237 995 1545 1062 raccomandiamo.
1569 993 1610 1060 Di

385 1119 508 1196 Roma,
527 1115 551 1182 li
567 1133 587 1182 2
604 1116 638 1182 d'
652 1117 788 1202 Agosto
809 1115 904 1198 1568.
923 1116 968 1182 D.
988 1113 1032 1182 V.
1050 1115 1092 1181 R.
1111 1133 1214 1180 seruo
1230 1111 1265 1176 in
1281 1111 1358 1191 X.⁰,

1213 1228 1432 1294 ancrseo.

454 1347 639 1431 Inscriptio
655 1347 692 1410 in
706 1351 833 1430 quarta
843 1347 994 1432 pagina:
1010 1341 1033 1431 †
1049 1342 1094 1410 Α1
1111 1344 1216 1408 molto
1232 1343 1319 1408 Rd0.
1335 1339 1369 1406 in
1382 1343 1473 1426 Xpo.
1491 1340 1608 1418 Patre,

386 1463 410 1529 11
428 1465 468 1528 Ρ.
489 1464 575 1528 Mro.
596 1459 797 1528 Hieronimo
812 1460 948 1541 Natale,
966 1458 1142 1525 visitatore
1157 1457 1247 1525 nelle
1263 1455 1440 1541 prouincie
1460 1455 1497 1521 di
1513 1457 1610 1521 Fran·

386 1575 440 1643 cia
456 1585 490 1643 et
507 1573 706 1660 Aquitania,
721 1574 809 1643 della
825 1573 1040 1660 Compagnia
1050 1572 1085 1637 di
1101 1571 1223 1653 Giesd,
1242 1567 1372 1656 Parigi,
1386 1591 1408 1636 o
1423 1572 1514 1637 doue
1526 1567 1607 1636 sari.

387 1691 500 1757 Manu
517 1691 560 1759 P.
573 1689 743 1776 Jimenez:
758 1689 886 1756 Nostro
902 1691 943 1754 Ρ.
962 1685 1052 1756 Delli
1072 1705 1104 1754 2.
1128 1685 1314 1754 Riceuutta
1329 1685 1385 1752 alli
1403 1687 1441 1752 18
1462 1685 1497 1752 d'
1519 1687 1609 1771 Ago-

386 1814 452 1870 sto.
471 1804 592 1891 Sigilli
608 1804 805 1890 vestigium.
1202 1788 1206 1796 ⁴

455 1919 488 1984 6.
532 1919 608 2006 Jhs.
631 1915 805 1986 Soli-Si
821 1919 866 1985 V.
885 1919 926 1984 R.
945 1916 1132 2003 esllegado
1148 1936 1214 1982 con
1229 1915 1308 1982 bien
1325 1920 1345 1981 a
1361 1915 1469 1996 Leon,
1486 1937 1509 2000 y
1524 1913 1607 1980 halla

387 2031 580 2099 difficultad
595 2052 638 2098 en
654 2030 773 2100 visitar
788 2031 946 2114 Avitlon‚
962 2030 1065 2098 visite
1084 2051 1179 2098 essos
1195 2029 1353 2116 poquitos
1370 2029 1534 2116 collegios
1548 2051 1606 2114 que

388 2146 480 2214 tiene
496 2167 596 2230 cerea
611 2147 655 2214 de
671 2146 778 2227 Leon,
801 2168 824 2232 y
845 2150 996 2232 vengase
1012 2166 1078 2212 con
1093 2146 1126 2212 la
1140 2145 1321 2213 bendicidn
1337 2144 1393 2210 del
1409 2146 1531 2226 Seston
1548 2165 1607 2229 que

388 2281 434 2326 no
450 2259 482 2328 le
499 2260 620 2327 saltare
635 2281 701 2345 que
719 2263 821 2328 hazer
837 2260 973 2345 quando
989 2281 1055 2326 con
1071 2258 1150 2328 bien
1166 2260 1306 2347 llegare.
1326 2261 1376 2327 Lo
1388 2261 1431 2326 de
1446 2265 1519 2340 aea,
1533 2259 1606 2326 Dios

389 2375 504 2458 loado,
523 2397 566 2442 va
581 2374 673 2456 bien,
697 2398 719 2460 y
735 2397 801 2442 con
817 2387 908 2444 estas
928 2374 1217 2462 congregationes
1233 2395 1364 2442 nueuas
1380 2396 1447 2460 que
1463 2376 1513 2443 Su
1528 2375 1606 2443 San·
1689 2393 1690 2420 l

390 2489 484 2556 tidad
500 2512 520 2556 a
536 2493 623 2559 echo
639 2491 682 2556 de
700 2491 911 2572 cardenales,
929 2513 1012 2576 para
1026 2490 1079 2558 los
1095 2489 1257 2577 negocios
1273 2491 1317 2558 de
1336 2489 1521 2558 Germania
1534 2511 1556 2574 y
1570 2489 1607 2554 de

388 2605 515 2685 Indiae,
539 2626 734 2692 esperamos
755 2628 821 2690 que
842 2608 885 2672 de
905 2607 990 2673 cada
1009 2605 1067 2672 dia
1086 2627 1125 2674 se
1145 2607 1252 2672 haran
1274 2627 1372 2673 cosas
1392 2604 1602 2692 inportantes.

398 2721 487 2801 Vale,
504 2721 615 2786 Pater
630 2722 846 2787 citatissimo.

1221 2837 1438 2902 Fnsncrsco.

458 2949 540 3014 Alia
556 2969 674 3030 manu,
687 2972 708 3014 a
721 2955 819 3036 largo
830 2972 840 3014 :
860 2950 883 3037 †
899 2949 972 3018 Soli
990 2947 1083 3017 Patri
1098 2949 1223 3015 Natali.
1241 2949 1362 3036 Sigilli
1376 2951 1564 3036 vestigium.
1688 3035 1689 3040 ἵ

454 3065 530 3150 jhs.
549 3063 621 3129 Soli
638 3065 743 3129 Patri
760 3065 894 3131 Natali.
913 3063 951 3132 Si
972 3069 1045 3132 esta
1065 3061 1172 3131 cierto
1191 3085 1236 3130 no
1256 3073 1346 3130 estar
1366 3085 1491 3150 seguro
1510 3065 1540 3132 el
1554 3083 1604 3128 ca·
1688 3045 1689 3108 1

393 3177 486 3243 mino
502 3180 546 3243 de
562 3179 656 3244 Le6n
673 3177 716 3266 [a]
727 3189 742 3222 ⁸
754 3178 905 3259 Avinon,
923 3176 959 3246 ni
974 3179 1018 3247 de
1034 3177 1205 3245 Avinona
1220 3178 1327 3258 ltalia,
1342 3201 1387 3244 no
1402 3200 1440 3245 es
1451 3189 1605 3246 menester

394 3294 570 3360 consultor
585 3293 629 3359 de
645 3293 752 3372 Leon,
772 3292 846 3358 sino
867 3292 1010 3379 partirse
1031 3314 1112 3379 para
1135 3299 1214 3376 aca,
1232 3293 1328 3360 saluo
1348 3292 1376 3360 si
1398 3295 1501 3380 algdn
1516 3293 1605 3360 colle·

394 3405 500 3492 gieto,
515 3407 558 3474 de
575 3408 727 3491 aquellos
744 3427 812 3493 que
828 3413 925 3474 eston
940 3427 1040 3475 cerea
1055 3409 1098 3475 de
1115 3409 1221 3489 Le6n,
1237 3429 1274 3474 se
1289 3407 1432 3494 pudiese
1446 3408 1557 3474 visitat
1569 3423 1605 3473 en

394 3541 501 3606 pocos
517 3523 602 3588 dias.
623 3526 697 3589 Mas
714 3523 757 3589 de
772 3523 805 3590 ia
816 3521 1038 3608 jniormatidn
1054 3523 1110 3592 del
1131 3522 1319 3610 prouincial
1339 3547 1362 3610 y
1382 3534 1531 3593 rectores
1549 3541 1605 3606 que
1687 3611 1688 3618 ἵ

452 3735 469 3768 ⁸
496 3727 581 3782 Hanc
593 3727 765 3799 particulam
778 3728 878 3784 omisit
890 3727 1006 3800 Borgia.

396 3839 595 3850 -———-

394 3893 528 3959 siaslica,
544 3893 626 3963 XVI,
640 3909 706 3965 241.
723 3895 768 3952 Ex
781 3897 835 3950 hac
848 3903 947 3950 autem
960 3895 1085 3967 Borgiae
1097 3895 1222 3968 epistola
1235 3896 1297 3951 erui
1311 3895 1428 3952 videtur
1444 3895 1536 3968 ipsun
1547 3896 1603 3950 Bor·

394 3981 474 4053 giam
487 3990 638 4038 auctorem
650 3983 743 4040 fuisse
756 3993 859 4040 sancto
872 3984 924 4039 Pio
941 3985 978 4052 V,
993 3992 1026 4040 ut
1043 3984 1110 4040 illae
1127 3983 1370 4056 congregationes
1388 3985 1603 4042 instituerentur.

396 4070 441 4124 En
454 4085 512 4142 quo
525 4079 611 4142 pacto
623 4072 695 4128 haec
708 4079 806 4127 narrat
819 4073 973 4139 Polancus,
989 4072 1019 4128 in
1032 4088 1121 4144 parvo
1138 4089 1192 4128 suo
1205 4072 1353 4142 chronico,
1368 4069 1440 4128 coa.
1454 4087 1504 4145 41,
1520 4072 1605 4128 isne

394 4158 474 4228 rica,
488 4157 541 4214 lol.
562 4173 613 4228 154
626 4177 655 4215 v:
671 4161 745 4216 «Die
759 4174 793 4214 20
807 4161 876 4232 Maji
888 4178 989 4216 rursus
1001 4169 1101 4216 noster
1111 4160 1199 4216 Pater
1207 4161 1354 4232 generalis
1364 4160 1436 4217 adiit
1445 4159 1605 4234 pontificem,

396 4261 443 4300 me
456 4246 629 4314 comitante,
643 4249 729 4305 simul
748 4265 816 4303 cum
833 4249 875 4305 D.
896 4249 1005 4305 Alvaro
1023 4249 1060 4304 de
1077 4247 1192 4317 Castro,
1213 4250 1312 4321 legato
1323 4249 1403 4322 regis
1415 4248 1605 4322 Portugallise

394 4341 425 4390 et
439 4336 477 4390 ab
490 4351 527 4390 eo
540 4336 727 4409 impetratum
741 4346 796 4406 est,
810 4345 842 4394 ut
855 4337 892 4394 ad
901 4337 1026 4408 negocia
1035 4337 1236 4394 conversionis
1249 4338 1411 4396 infidelium
1422 4337 1607 4412 congregatio·

394 4439 463 4479 nem
476 4424 667 4482 cardinalium
681 4427 861 4482 institueret.
875 4428 992 4482 Etcum
1009 4425 1172 4482 cardinales
1190 4427 1338 4499 Amulius,
1356 4429 1492 4500 Sirletus,
1508 4436 1537 4484 et
1551 4426 1607 4483 en·

393 4510 466 4578 raia,
481 4511 509 4566 ei
522 4515 674 4586 propositi,
693 4515 883 4588 placuissent,
902 4514 1014 4570 addidit
1031 4515 1095 4586 ipse
1111 4526 1205 4584 μω,
1224 4515 1396 4586 Cribellum;
1414 4525 1446 4572 et
1462 4527 1539 4574 moto
1553 4529 1605 4588 pro·

393 4599 457 4670 prio
470 4603 547 4656 velle
561 4620 594 4658 se
607 4593 786 4660 constituere
799 4605 874 4659 hanc
886 4603 1159 4675 congregationem,
1173 4611 1204 4659 et
1221 4604 1250 4659 iu
1269 4604 1443 4662 consistorio
1460 4605 1602 4679 publicare.

393 4685 498 4742 dixit.»
512 4689 559 4745 Cf.
573 4691 775 4765 Saccumum,
790 4695 849 4749 loc.
865 4692 935 4761 cit.,
949 4693 1003 4748 lib.
1022 4693 1075 4764 IV,
1088 4710 1117 4750 n.
1135 4705 1198 4764 129.
