3564 5380
469 491 522 560 84²
905 493 1007 550 Errsr.
1028 491 1062 547 P.
1082 489 1196 548 ΝΛΜ.

433 643 520 724 dral,
538 647 557 710 ἐ
573 641 761 728 inquisidor
782 667 825 712 en
852 652 994 728 aquesta
1015 642 1160 710 diocesis
1179 665 1202 728 y
1229 662 1348 729 regne,
1366 663 1434 728 que
1448 640 1478 708 lo
1490 657 1638 712 reuerent

436 736 524 800 Pare
538 741 665 798 mestre
692 733 827 819 Ignatio
853 733 965 798 tindra
980 754 1041 818 per
1064 733 1107 798 be
1127 753 1195 819 que
1217 737 1284 800 assi
1310 734 1402 818 hage
1428 731 1543 818 collegi
1556 735 1637 802 dexa

434 830 555 888 sancta
570 820 794 908 Companyla‚
811 822 883 907 ylo
899 820 948 887 dit
966 823 1030 888 Me
1052 821 1253 906 Hieronym,
1271 842 1333 906 per
1353 841 1446 888 esser
1461 822 1583 887 natural
1597 824 1636 888 de

435 915 516 991 assi,
535 912 581 975 ho
595 911 716 995 desige
731 911 825 990 molt,
843 914 931 995 yaxi
948 911 993 975 ha
1008 909 1090 976 serit
1101 915 1121 976 a
1133 909 1182 976 dit
1195 910 1393 994 inquisidor,
1407 929 1473 993 que
1482 911 1634 976 hauenthi

433 999 562 1086 alguna
577 1019 715 1066 manera
732 1020 811 1084 pera
823 1000 856 1082 la
883 998 1036 1065 fundatio
1051 1021 1075 1085 y
1099 998 1302 1066 sustentatio
1316 1001 1360 1064 de
1387 999 1437 1063 dit
1451 997 1576 1086 collegi,
1593 1021 1635 1066 ne

434 1086 591 1154 auisasa
618 1089 662 1154 V.
693 1090 749 1153 P.t
769 1086 1040 1173 principalment,
1068 1108 1145 1154 com
1165 1093 1185 1153 a
1205 1087 1415 1154 commissari
1441 1088 1569 1172 general
1593 1111 1631 1156 cn

433 1177 584 1263 Spanya,
602 1181 623 1242 ό
639 1178 670 1242 al
682 1175 869 1261 prouincial
889 1178 932 1241 de
952 1177 1081 1262 Arago,
1100 1182 1121 1242 ὁ
1141 1177 1173 1242 al
1188 1186 1299 1242 rector
1313 1177 1368 1244 del
1383 1173 1501 1261 collegi
1517 1176 1559 1244 de
1569 1179 1632 1243 Va·

432 1264 556 1345 leneia,
574 1286 723 1350 peraque
739 1276 899 1349 aquestos
916 1265 1072 1331 auisasen
1088 1271 1108 1332 a
1127 1267 1172 1333 V.
1195 1267 1250 1331 P}
1275 1268 1318 1332 de
1337 1266 1371 1330 la
1389 1263 1556 1350 dispositio
1575 1286 1633 1350 que

434 1358 502 1419 assi
519 1355 626 1419 haura
641 1375 724 1440 pera
738 1352 788 1418 dit
811 1353 946 1440 collegi.
969 1356 1019 1421 La
1039 1353 1119 1438 qual
1139 1355 1224 1420 letra
1239 1352 1289 1420 dit
1308 1353 1449 1420 sacrista
1469 1353 1566 1419 maior
1579 1375 1633 1418 nos

435 1444 482 1508 ha
493 1441 675 1510 notificada
688 1465 748 1528 per
760 1445 811 1508 los
824 1445 899 1511 R.¹²⁵
917 1454 1043 1510 mestre
1055 1441 1207 1508 Antonio
1219 1443 1321 1510 Serra
1338 1445 1361 1523 ¹,
1376 1445 1491 1508 doctor
1500 1442 1630 1520 theolee

434 1531 617 1599 beneficiat
633 1554 676 1599 en
703 1542 817 1598 nostra
844 1531 971 1618 sglesia
997 1532 1182 1612 cathedral,
1200 1554 1223 1616 y
1239 1553 1298 1616 per
1324 1533 1414 1597 frare
1430 1531 1550 1598 Antoni
1564 1533 1632 1597 her-

435 1620 519 1685 mittt
534 1621 561 1702 ¹,
578 1621 628 1685 als
643 1621 740 1704 quals
759 1620 809 1686 dit
836 1623 901 1688 M.e
924 1619 1123 1705 Hier6nyim
1139 1621 1185 1685 ha
1205 1619 1287 1685 serit
1307 1620 1362 1687 del
1382 1619 1513 1699 mateix,
1534 1624 1632 1684 oomr'r

435 1730 598 1794 personas
614 1708 791 1795 religiosas
805 1730 828 1795 y
844 1711 930 1775 molt
945 1708 1074 1776 amichs
1089 1729 1180 1775 seus.
1195 1709 1382 1787 Nosaltres,
1396 1729 1469 1776 com
1480 1714 1498 1773 a
1511 1727 1599 1792 pares
1612 1729 1631 1790 y

436 1808 626 1882 protectors
641 1798 696 1865 del
712 1809 870 1883 presente
886 1819 1004 1884 regne,
1023 1819 1068 1864 no
1083 1799 1242 1865 dexarem
1258 1797 1300 1862 de
1316 1795 1435 1864 aiudar
1456 1818 1477 1880 y
1490 1794 1632 1862 aliauorir

436 1885 486 1951 dit
502 1886 627 1972 negoci
643 1908 703 1972 per
719 1907 785 1970 que
801 1907 837 1952 se
853 1888 1000 1954 effectua
1022 1909 1045 1971 y
1065 1896 1261 1972 augmenta,
1279 1907 1302 1970 y
1316 1905 1379 1952 nos
1394 1907 1465 1951 som
1480 1885 1556 1950 molt
1568 1885 1628 1951 ale·

436 1984 532 2061 grats
548 1976 644 2043 desta
660 1996 761 2054 noua,
780 1997 802 2060 y
818 1996 877 2059 per
891 1976 925 2041 lo
941 1981 1055 2042 carrec
1071 1995 1139 2059 que
1154 1974 1259 2041 tenim
1275 1973 1415 2058 desijam
1431 1975 1509 2040 molt
1519 1993 1579 2057 que
1590 1972 1627 2037 tal

437 2063 562 2150 collegi
575 2085 612 2132 se
625 2065 699 2147 faca
711 2085 754 2129 en
766 2074 840 2129 esta
848 2062 916 2144 illa,
930 2065 974 2130 de
985 2065 1069 2128 hont
1081 2074 1269 2131 certament
1280 2083 1318 2129 se
1329 2065 1374 2129 ha
1385 2064 1428 2128 de
1440 2083 1546 2148 sperar
1556 2081 1627 2147 gran

437 2156 529 2238 iruyt
546 2174 606 2239 per
621 2154 672 2219 los
688 2155 822 2238 poblats
837 2153 880 2220 de
897 2153 1029 2237 aquella
1045 2175 1088 2220 en
1105 2173 1227 2238 seruey
1242 2153 1286 2218 de
1296 2163 1413 2218 nostre
1425 2152 1538 2230 Senot,
1552 2168 1630 2235 yper

437 2262 479 2325 co
495 2241 623 2308 auisam
639 2247 659 2307 a
676 2243 718 2308 V.
750 2244 804 2308 Ρ)
829 2261 905 2307 com
932 2247 1011 2323 assi,
1040 2262 1165 2326 segons
1186 2261 1253 2326 que
1273 2261 1345 2306 som
1366 2239 1491 2307 auisats
1505 2260 1559 2324 per
1574 2237 1630 2302 dits

437 2333 504 2398 M!
525 2330 656 2397 Antoni
672 2331 774 2399 Serra
789 2351 811 2415 y
829 2331 915 2396 frate
931 2329 1096 2407 Antonio,
1113 2330 1149 2395 hi
1164 2332 1271 2396 haura
1287 2351 1347 2414 per
1362 2331 1396 2395 lo
1412 2339 1542 2415 present
1556 2325 1630 2392 circa

437 2421 581 2487 docents
596 2431 691 2485 scuts
703 2421 746 2485 de
762 2419 866 2485 renda
882 2422 972 2485 bona
988 2429 1126 2504 ycerta‚
1144 2418 1282 2502 ytenim
1295 2418 1332 2502 ja
1348 2438 1446 2484 casas
1460 2415 1630 2483 commodas

436 2529 525 2594 prop
539 2510 572 2574 la
588 2508 714 2595 sglesia
733 2509 908 2574 cathedral
925 2529 1005 2593 pera
1019 2507 1070 2572 dit
1086 2506 1220 2594 collegi.
1240 2507 1360 2573 Tenim
1376 2512 1448 2573 mes
1462 2517 1548 2572 certa
1567 2524 1630 2587 spe

437 2619 538 2662 ransa
550 2619 617 2681 que
629 2597 672 2666 de
688 2617 824 2664 cascum
837 2597 894 2664 die
909 2617 946 2662 se
958 2597 1116 2662 trobaran
1134 2617 1242 2662 nouas
1252 2595 1429 2662 charitats.
1445 2597 1508 2661 Per
1518 2611 1630 2678 cosup·

438 2686 562 2772 plicam
579 2692 599 2751 έι
615 2688 659 2753 V.
680 2689 731 2752 P}
756 2707 823 2770 que
839 2707 919 2771 pera
942 2707 1064 2770 seruey
1082 2686 1126 2752 de
1139 2696 1254 2756 nostre
1275 2687 1386 2754 Senot
1399 2705 1461 2750 nos
1474 2683 1557 2748 vulla
1570 2699 1622 2746 em·

439 2774 512 2840 biar
528 2778 594 2840 assi
611 2796 774 2861 personas
790 2775 833 2839 de
850 2775 895 2839 tal
911 2773 1053 2858 qualitat
1067 2797 1090 2858 y
1106 2773 1271 2854 doctrina,
1288 2796 1310 2858 y
1326 2773 1436 2839 habils
1448 2793 1523 2858 pera
1532 2769 1562 2835 di
1571 2767 1627 2832 col-

438 2863 520 2949 legi,
539 2884 666 2948 perque
678 2884 738 2948 per
754 2862 843 2930 medi
860 2864 902 2929 de
917 2863 1047 2948 aquells
1063 2866 1136 2928 mes
1152 2863 1324 2929 facilment
1339 2883 1377 2930 se
1389 2883 1481 2947 puga
1492 2861 1626 2926 effectuar
1723 2855 1724 2882 ³

439 2951 489 3016 dit
515 2952 651 3038 negoci,
675 2973 801 3038 segons
820 2952 843 3016 l'
865 2952 947 3018 orde
974 2951 1093 3018 statuit
1109 2971 1169 3036 per
1195 2973 1260 3018 exa
1287 2963 1406 3017 sancta
1431 2949 1623 3033 Companyia.

439 3041 720 3108 Comennantnos
740 3047 760 3106 έι
782 3040 825 3106 V.
846 3041 914 3120 Pr,
932 3041 1057 3108 Nostre
1072 3042 1183 3109 Senor
1202 3063 1240 3106 sa
1259 3041 1341 3105 molt
1358 3039 1437 3106 R.‘³⁸
1454 3057 1579 3126 persona
1590 3031 1624 3096 ab

439 3140 605 3216 augment
624 3132 667 3196 de
694 3151 732 3196 sa
760 3128 870 3213 gratia
898 3131 1028 3214 guarde
1049 3150 1130 3214 pera
1156 3149 1217 3195 son
1242 3150 1377 3214 seruey.
1407 3129 1459 3194 En
1483 3125 1623 3197 Malloea,

439 3217 579 3303 axxviij
597 3220 639 3284 de
654 3219 826 3286 Noembre
844 3239 881 3283 u.
900 3239 935 3284 o.
955 3239 987 3284 r..
1007 3237 1077 3284 1111.
1096 3218 1142 3284 Al
1163 3238 1286 3301 seruey
1301 3219 1345 3284 de
1365 3219 1409 3284 V.
1430 3219 1469 3282 P.
1488 3221 1589 3300 prests,

637 3309 711 3374 Los
727 3327 863 3387 Junnrs
880 3327 928 3372 nr:
946 3327 990 3373 cn
1006 3327 1141 3374 crum
1158 3327 1181 3373 u
1198 3326 1318 3373 rasurus
1334 3327 1381 3372 ne
1399 3309 1588 3372 Muciorum.

506 3396 690 3480 Inscriptio
705 3397 743 3460 in
760 3399 885 3480 quarta
897 3397 1052 3482 pagina:
1070 3395 1126 3480 [Al
1154 3396 1248 3480 molt]
1268 3397 1340 3460 R.nt
1363 3395 1450 3460 Pare
1477 3386 1624 3460 Francisco

439 3486 483 3552 de
496 3484 611 3568 Borja,
628 3482 847 3569 com[misa]ri
864 3485 1003 3568 general
1024 3505 1066 3550 en
1089 3485 1227 3570 Spanya
1242 3486 1286 3550 de
1301 3483 1334 3548 la
1349 3493 1467 3549 sancta
1484 3476 1622 3569 [Comlpa

438 3595 507 3658 nya
522 3574 596 3641 dels
610 3571 806 3658 Iniguistas
836 3573 917 3637 Alio
945 3595 1064 3638 manu:
1096 3588 1190 3656 1554.
1221 3575 1273 3638 De
1294 3573 1346 3637 los
1362 3571 1501 3656 jurados
1518 3571 1553 3634 de
1566 3565 1622 3630 lla-

438 3663 542 3728 llorca
558 3683 638 3747 para
665 3662 697 3729 el
725 3664 783 3727 P.⁰
807 3660 988 3727 Francisco
1010 3663 1055 3729 de
1083 3661 1197 3746 Borja.
1215 3662 1269 3728 De
1296 3661 1337 3727 28
1363 3661 1407 3727 de
1434 3653 1617 3727 Nouiembre.

438 3751 536 3816 Alta:
552 3751 725 3817 Mallorca.
745 3750 864 3836 Sigilli
878 3752 1075 3838 vestigium.

492 3989 500 4022 ¹
540 3991 615 4045 «Los
628 3991 771 4062 primeros
784 3990 997 4046 bienhechores
1014 3989 1117 4046 fueron
1130 3987 1249 4045 Nicolas
1268 3988 1305 4043 de
1319 3977 1621 4056 Montanans,cm⁶n1't⁰
1720 3975 1721 4004 ³

437 4097 458 4152 y
471 4079 612 4136 sacristan
625 4077 662 4134 de
675 4082 702 4135 la
714 4079 843 4136 catedral
857 4083 873 4135 e
888 4079 1049 4154 inquisidor
1062 4079 1110 4134 del
1123 4079 1215 4144 reino,
1230 4079 1340 4152 Miguel
1353 4077 1508 4150 Zangledt‚
1519 4069 1621 4141 Fetipey

439 4169 572 4226 Bautista
582 4167 684 4240 Puigs,
696 4187 716 4240 y
727 4169 754 4224 el
765 4171 817 4224 Dr.
831 4167 961 4225 Antonio
974 4169 1094 4224 Serra.»
1106 4167 1508 4236 nermo-Moratum,
1516 4155 1623 4218 Historia

435 4258 567 4330 general
578 4257 627 4313 del
644 4258 729 4312 reino
742 4259 778 4312 do
792 4257 951 4322 Mallorca,
967 4258 1020 4321 ΙΙΙ,
1034 4256 1097 4326 685.

492 4350 503 4382 ¹
541 4347 643 4404 Frater
659 4345 806 4402 Antonius
820 4346 996 4402 Castaneda.
1012 4347 1057 4401 De
1071 4345 1122 4401 illo
1133 4343 1175 4400 ci.
1194 4345 1291 4418 Epist.
1306 4344 1423 4410 Natat„
1442 4345 1467 4415 1,
1486 4349 1560 4404 ron,
1578 4339 1621 4386 etc·
