3482 5386
675 513 842 568 Arnenmx
1277 511 1331 582 783

123 667 195 735 nisi
213 668 385 754 completo
405 686 470 732 suo
489 686 644 732 numero.
668 662 736 732 Vbi
761 684 925 732 numerus
948 662 1085 752 collegii
1110 664 1365 732 monachiensis

124 757 195 824 erit
214 757 388 842 impletus,
407 765 442 821 et
458 755 600 821 aliorum
621 775 691 819 non
710 751 786 832 erit,
804 754 877 819 sola
892 773 933 821 ea
953 753 1111 856 collegia,
1130 773 1274 854 quorum
1295 776 1363 820 nu-

127 867 253 914 merus
271 867 342 910 non
362 844 426 909 erit
446 843 619 929 impletus,
645 803 863 908 contribirent
882 844 926 907 ad
952 841 1113 920 nouiti0S,
1143 840 1201 926 qui
1229 843 1366 909 alentur

129 945 286 1034 praeter
287 954 467 999 numerum
486 931 669 1011 Monachii,
684 930 869 1014 aequaliter
885 931 1035 1017 quidem,
1054 953 1082 997 si
1074 930 1285 1015 'aequaliter
1300 953 1364 998 sua

130 1021 355 1110 proportione
371 1022 500 1088 distent
515 1043 535 1087 a
552 1021 720 1106 completo
735 1040 889 1102 numer03
908 1019 1130 1105 inaequaliter
1149 1040 1245 1100 uer0,
1263 1019 1291 1086 si
1308 1019 1363 1086 in-

130 1111 335 1196 aequaliter.
351 1111 455 1195 Quod
467 1111 533 1175 hoc
548 1109 703 1194 exemplo
715 1109 774 1174 fiet
790 1107 950 1194 apertius.
965 1111 1097 1176 Domus
1113 1118 1318 1194 augustana,
1333 1109 1364 1176 si

130 1211 272 1267 tantum
285 1201 353 1265 alat
366 1210 455 1278 oct0,
470 1208 505 1263 et
516 1197 699 1300 collegium
712 1195 977 1283 oenipontanum
991 1216 1046 1278 20,
1060 1207 1094 1265 et
1110 1195 1292 1283 collegium
1309 1197 1363 1263 di-

131 1289 317 1375 lingarrum
345 1306 400 1370 23,
430 1295 591 1372 poterunt
618 1285 759 1352 iudicari
786 1285 972 1370 aequaliter
997 1287 1123 1353 distare
1146 1307 1167 1351 a
1193 1287 1363 1388 completo

129 1399 292 1444 numero:
310 1387 346 1442 et
362 1377 420 1455 ita,
440 1375 626 1461 aequaliter
641 1376 769 1442 debent
784 1374 1014 1442 contribuere.
1030 1375 1067 1444 Si
1083 1373 1195 1460 aliqua
1211 1374 1255 1440 sit
1267 1375 1364 1444 inae·

131 1467 295 1551 qualitas,
314 1465 539 1550 inaequaliter
558 1463 786 1530 contribuent.
815 1463 911 1530 Haec
935 1486 1019 1532 uero
1042 1461 1280 1547 inaequalitas
1305 1465 1364 1532 uel

132 1555 352 1655 aequalitas·
356 1553 555 1620 censebitur
570 1575 590 1619 a
605 1551 825 1638 prouinciale.

205 1642 352 1729 Quod
326 1665 354 1709 si
370 1645 456 1708 haec
472 1641 558 1707 ratio
573 1641 730 1743 videatur
745 1639 903 1720 difficilis,
922 1639 1011 1706 alia
1002 1651 1137 1708 meatur
1152 1642 1307 1727 simplex,
1325 1651 1363 1705 vt

133 1731 328 1817 aequaliter
343 1730 562 1797 contribuant
579 1729 691 1796 omnia
707 1728 862 1814 collegia,
882 1750 969 1812 quae
984 1729 1151 1797 deficiunt
1163 1753 1183 1796 a
1195 1729 1364 1815 completo

134 1842 296 1887 numero.
311 1818 449 1907 Judicet
465 1840 549 1887 uero
565 1841 634 1885 non
647 1829 715 1884 tam
729 1819 928 1902 scrupulose
940 1818 1169 1903 prouincialis,
1185 1841 1213 1884 si
1204 1817 1364 1903 aliquod

136 1910 339 1996 collegium,
358 1910 450 1992 quod
465 1907 602 1993 longius
618 1906 721 1973 distat
737 1929 757 1973 a
772 1907 941 1991 completo
957 1927 1112 1986 numero,
1131 1908 1208 1994 plus
1224 1907 1267 1972 sit
1279 1927 1364 1972 con-

138 1999 347 2077 tributurus,
366 1998 457 2080 quod
477 2018 556 2064 uero
572 2018 691 2081 parum
706 1996 821 2074 distet,
840 1993 963 2061 minus.
984 1998 1061 2062 Non
1084 1996 1219 2062 videtur
1241 2015 1362 2062 neces-

137 2109 230 2167 sum,
245 2097 286 2152 ut
298 2097 430 2151 tantum
447 2083 684 2151 contribuatur
695 2106 756 2170 pro
772 2085 894 2150 alendo
908 2105 977 2150 vno
989 2083 1119 2150 nouitio
1132 2083 1337 2166 Monachis
1328 2105 1362 2148 ιιι

138 2197 177 2242 re
192 2174 374 2262 praesenti,
389 2184 554 2258 quantum
568 2194 629 2258 pro
642 2195 709 2238 vno
725 2172 927 2239 scholastico
940 2173 1060 2239 alendo
1072 2173 1158 2242 solet
1170 2171 1336 2259 expendi'
1327 2194 1363 2236 ιιι

138 2265 300 2365 collegio
319 2265 411 2330 Idem
430 2261 646 2348 prouincialis
663 2261 815 2329 censebit
831 2261 1055 2347 particularia.
1075 2261 1112 2329 Si
1132 2272 1222 2328 esset
1243 2283 1364 2328 nume-

139 2375 199 2420 rus
214 2353 251 2418 in
268 2353 426 2418 omnibus
442 2350 597 2436 collegiis
614 2351 814 2434 completuS,
833 2350 966 2416 alentur
987 2349 1107 2415 nouitii
1128 2349 1301 2417 Monachii
1322 2371 1364 2417 ex

139 2441 395 2508 contributione
408 2439 559 2506 omnium
572 2438 804 2524 collegiorum.
820 2437 888 2502 Et'
879 2460 913 2503 m
929 2460 971 2504 eo
986 2460 1099 2505 rerum
1115 2448 1255 2518 euentu,
1269 2437 1364 2503 iuxta

140 2529 311 2598 rationem
327 2527 600 2608 contributioniS,
619 2527 796 2612 pauciores
815 2527 907 2593 alent
927 2527 1071 2610 collegia
1087 2549 1188 2611 quam
1209 2489 1365 2594 solebant

140 2641 185 2686 ex
201 2619 257 2699 iis,
275 2619 333 2703 qui
349 2639 418 2683 non
435 2627 535 2684 erunt
551 2615 733 2684 necessarii
751 2616 785 2680 in
802 2615 958 2700 collegio.
984 2617 1040 2682 Ad
1061 2637 1162 2701 quem
1184 2635 1365 2681 numerum

141 2707 413 2775 necessariorum
442 2705 471 2770 si
491 2705 659 2785 venirent,
683 2705 768 2770 nihil
787 2705 934 2770 soluent.
960 2705 1109 2772 Definiat
1134 2703 1363 2790 prouincialiS,

142 2819 223 2864 cum
237 2797 383 2882 primum
396 2795 528 2862 venerit
541 2793 771 2873 Monachium,
784 2814 965 2860 numerum
977 2793 1201 2873 nouiciorum,
1217 2793 1276 2877 qui
1288 2813 1367 2878 pos-

144 2886 213 2952 sint
229 2884 385 2951 habitare
401 2885 436 2949 in
452 2883 509 2950 illo
526 2883 682 2969 collegiO,
701 2893 736 2949 et
755 2904 833 2948 cum
855 2884 898 2946 ad
918 2904 997 2950 eum
1018 2904 1198 2950 numerum
1219 2901 1368 2967 peruen-

144 2988 219 3040 tum
237 2973 313 3053 erit,
339 2972 518 3038 mittentur
538 2971 594 3037 alii
618 2970 739 3036 nouitii
762 2972 903 3037 Romam
928 2972 971 3036 ad
996 2974 1132 3038 Patrem
1156 2972 1364 3056 generalem.

144 3064 238 3131 Idem
260 3061 498 3128 obseruabitur
518 3062 561 3127 de
583 3060 660 3140 illis,
684 3060 808 3144 quibus
828 3061 1035 3125 leuabuntur
1054 3060 1198 3144 collegia
1213 3081 1275 3145 pro
1290 3080 1368 3124 sus-

144 3151 334 3220 tentatione
356 3149 574 3216 nouitiorum.
598 3150 686 3215 Nam
706 3149 741 3213 hi
762 3151 903 3214 Romam
919 3149 1021 3213 etiam
1038 3148 1229 3228 mittentur;
1254 3148 1369 3214 nullus

142 3252 259 3325 tamen
275 3242 418 3307 Romam
434 3238 602 3320 mittetur,
616 3237 680 3304 nisi
693 3237 787 3322 prius
800 3257 987 3303 consensus
1001 3237 1111 3303 Patris
1124 3235 1293 3320 generalis
1305 3237 1369 3300 ha-

142 3330 278 3408 beatur,
297 3350 398 3429 quem
411 3326 544 3393 curabit
558 3325 777 3411 prouincialis
789 3326 916 3390 habere
928 3337 1109 3408 antequam
1123 3325 1159 3391 in
1171 3347 1250 3394 eum
1264 3345 1369 3392 euen-

143 3431 217 3484 tum
234 3417 407 3484 veniatur.

212 3507 256 3571 In
272 3512 396 3591 quarta
413 3505 561 3590 pagina,
577 3505 735 3590 simenez
755 3523 874 3567 manu.
902 3504 924 3586 †
953 3504 1006 3567 De
1021 3500 1151 3567 ratione
1171 3501 1284 3568 alendi
1304 3521 1370 3566 no-

143 3595 260 3662 uitios.
291 3595 437 3660 Polanci
467 3613 586 3658 manu:
617 3594 650 3660 A
681 3603 802 3676 questo
832 3591 861 3657 si
893 3591 911 3658 ὲ
942 3589 1107 3675 prouist0.
1139 3591 1220 3656 Alia
1251 3611 1371 3656 manu:

144 3683 412 3770 Cpem†

148 3827 348 3836 ————-·—---

202 3909 219 3944 ¹
249 3900 309 3970 Sic,
322 3914 373 3970 pro
391 3897 555 3957 Monachii.
