3456 5386
353 551 357 557 Ι
629 485 647 541 4
665 470 744 540 iliu
764 470 835 544 1566
1275 444 1307 548 pr

124 621 370 710 praeiudicetur
386 623 448 692 toti
464 623 611 692 concilio
627 621 825 707 mommo,
842 635 879 694 et
900 647 943 696 ex
958 626 1182 714 consequenti
1197 626 1348 714 particu-

124 739 226 808 lariter
239 739 468 826 dogmatibus
482 738 658 808 eiusdem?

182 855 281 942 Resp.
332 855 510 942 Quoniam
525 856 570 926 de
584 855 762 924 catholicis
776 854 963 941 quaeritur,
978 857 1026 937 hi,
1043 856 1176 926 etiamsi
1192 877 1347 928 recessus

124 968 370 1056 illcimperialis
396 969 478 1038 anui
507 986 589 1056 1555
609 991 702 1040 nuuc
729 969 853 1040 iterum
878 973 1150 1052 confirmaretur,
1179 993 1291 1060 neque
1311 971 1347 1040 in

127 1083 311 1168 uniuersali,
326 1107 444 1174 neque
455 1086 491 1153 in
502 1085 710 1174 particulari,
724 1086 944 1174 dogmatibus
955 1087 1088 1173 concilij
1105 1087 1290 1170 tridentini,
1305 1090 1349 1156 ad

126 1197 213 1266 tidem
227 1199 364 1270 scilicet
379 1200 642 1288 pertinentibus
659 1210 776 1288 aperte
791 1200 1025 1290 praeiudicare
1044 1201 1255 1271 viderentur.
1274 1205 1346 1272 Ve-

124 1335 200 1396 rum,
211 1315 240 1382 si
250 1317 350 1384 nulla
361 1315 466 1384 huius
477 1315 611 1402 concilij
625 1315 755 1387 mentio
767 1317 823 1386 uel
835 1315 1003 1403 professio
1019 1339 1039 1386 a
1055 1317 1232 1384 catholicis
1247 1318 1345 1387 stati-

125 1429 181 1496 bus
197 1433 299 1498 modo
320 1433 396 1512 fiat,
421 1443 515 1504 certe
537 1430 574 1498 in
601 1433 799 1504 uniuersum
827 1433 972 1502 concilio
998 1432 1244 1519 praeiudicium
1271 1433 1345 1504 fieri

124 1565 234 1632 magna
248 1559 303 1614 est
319 1546 480 1634 suspitio,
497 1557 599 1633 atque
615 1547 859 1636 praesumptio,
877 1547 970 1634 quod
981 1567 1044 1635 per
1058 1569 1274 1634 consequens
1286 1549 1346 1615 fiet

128 1659 380 1745 particularibus
395 1661 500 1732 etiam
515 1663 745 1749 dogmatibus.

619 1859 661 1914 2.¹
680 1871 839 1925 Qunrsrro

182 2011 234 2076 An
249 2013 445 2096 acceptatio
457 2011 592 2097 concilij
611 2009 785 2080 tridentini
800 2010 846 2077 sit
861 2009 1068 2078 necessaria?

181 2125 278 2212 Resp.
323 2127 495 2214 Expressa
506 2126 609 2194 huius
620 2125 753 2212 concilij
767 2127 969 2213 acceptatio,
983 2126 1058 2193 siue
1073 2127 1108 2193 in
1120 2127 1194 2212 ipso
1205 2146 1341 2196 recessu

128 2238 332 2324 exprimatur,
349 2241 426 2312 siue
447 2241 540 2325 alibi,
558 2241 713 2330 insignes
736 2241 900 2310 utilitates
916 2243 1076 2324 adferret,
1094 2263 1135 2309 ac
1150 2242 1342 2312 necessaria

127 2371 247 2438 quoque
265 2357 443 2426 videretur
462 2358 508 2424 ad
534 2357 757 2446 suspitionem
778 2367 813 2426 et
833 2356 1144 2444 praesumptionem
1165 2355 1275 2438 illam,
1297 2358 1342 2426 de

129 2485 184 2549 qua
196 2469 323 2540 dictum
338 2483 405 2554 est,
427 2472 636 2554 euitandam,
655 2484 762 2558 utque
778 2473 911 2540 nullum
930 2473 1075 2540 concilio
1095 2471 1341 2558 praeiudicium

130 2580 189 2648 fieri
203 2585 388 2658 uideretur.

616 2780 658 2837 3.·
676 2793 836 2850 Quaesrro

185 2931 237 2999 An
252 2935 427 3002 sufficeret
442 2933 576 3020 concilij
595 2933 801 3002 mentionem
816 2933 903 3014 fieri,
928 2944 964 3004 et
983 2932 1043 3002 ubi
1062 2933 1130 3016 illa,
1154 2935 1290 3020 quando
1306 2945 1341 3004 et

134 3043 237 3124 qubus
251 3049 369 3118 uerbis
385 3049 557 3118 facienda?

182 3161 276 3250 Resp.
320 3163 658 3251 Quandoastatibus
669 3163 845 3232 catholicis
855 3163 1036 3250 hoe,quod
1047 3162 1212 3248 optimum
1222 3175 1257 3232 et
1269 3187 1340 3232 ma·

132 3271 201 3342 rime
215 3281 410 3366 urgendum
426 3291 491 3359 est,
509 3278 656 3347 obtineri
671 3301 741 3346 non
757 3289 885 3365 posset,
904 3289 942 3344 ut
957 3277 993 3344 in
1009 3277 1083 3365 ipso
1099 3299 1237 3346 recessu
1254 3279 1340 3345 libe·

132 3407 186 3454 ram
198 3403 229 3458 et
243 3404 398 3480 apertam
413 3394 659 3482 professionem
681 3393 807 3463 faciant
826 3395 870 3461 de
886 3391 1104 3480 acceptandis
1120 3393 1340 3480 dogmatibus

132 3505 240 3593 concilij
256 3508 447 3596 tridentinj,
472 3512 592 3578 saltem
616 3532 657 3579 eo
673 3509 858 3577 inducendi
885 3507 1058 3589 videntur,
1086 3519 1123 3576 ut
1141 3507 1254 3576 uerbis
1270 3531 1339 3576 non

135 3617 262 3692 ohuuris
278 3623 363 3692 dicti
383 3624 517 3711 concilij
539 3625 702 3712 dogmata
722 3647 760 3694 se
779 3623 931 3711 profiteri
951 3633 985 3692 et
1001 3623 1203 3692 confirmare
1224 3623 1339 3694 decla-

135 3747 202 3802 rent.
218 3741 253 3806 Id
269 3751 386 3809 autem
404 3739 478 3808 fieri
494 3739 619 3827 poterit
635 3739 723 3809 inter
738 3739 909 3827 principes
924 3738 1072 3826 publice,
1092 3739 1147 3806 uel
1168 3737 1202 3804 in
1225 3739 1341 3824 aliqua

138 3854 384 3943 congregatione
411 3865 562 3922 statuum
590 3854 847 3936 catholicorum,
878 3856 935 3923 uel
960 3865 1066 3935 certe,
1094 3853 1123 3920 si
1146 3853 1244 3920 aliter
1264 3853 1342 3921 fieri

135 3965 207 4036 nulla
231 3971 365 4039 ratione
387 3981 514 4058 potest,
537 3970 626 4039 inter
646 3991 785 4058 paucos,
806 3970 861 4038 uel
880 3972 972 4056 apud
993 3971 1071 4036 Ill.¹¹²
1096 3971 1141 4036 D.
1171 3969 1336 4056 legatum.

136 4077 232 4152 Modus
248 4107 334 4156 uero
351 4085 506 4155 adhiberi
522 4085 662 4174 poterit,
681 4107 761 4172 qu0,
779 4097 815 4152 et
831 4084 969 4154 minime
985 4086 1201 4152 offendantur
1216 4086 1339 4154 haere-

134 4189 187 4278 tiei,
199 4212 228 4267 et
243 4201 406 4272 catholici
424 4223 522 4270 suam
538 4203 641 4268 fidem
657 4201 808 4299 profiteri
823 4223 893 4268 non
909 4201 1078 4270 omittant.
1095 4201 1138 4268 Et
1151 4203 1239 4268 forte
1254 4201 1341 4268 satis

132 4327 188 4378 esse
200 4318 383 4400 uidebitur,
401 4317 432 4386 si
448 4317 615 4400 dicerent,
634 4339 672 4386 se
687 4315 838 4404 profiteri
854 4338 895 4384 ac
910 4316 999 4384 uelle
1015 4317 1149 4403 concilij
1163 4315 1340 4384 tridentini

133 4423 264 4512 dumata
283 4456 428 4502 manere
455 4455 515 4520 per
542 4432 657 4500 omnia
681 4433 776 4500 salua
797 4441 900 4519 atque
926 4429 1074 4519 integra,
1098 4453 1210 4520 neque
1230 4453 1268 4498 se
1295 4431 1341 4498 ab

134 4533 200 4612 illios
216 4549 279 4618 fide
294 4561 331 4617 et
352 4548 512 4618 doctrina
527 4570 605 4618 esse
619 4547 842 4615 discessuros.
866 4549 984 4632 anue
1003 4545 1182 4634 professi0,
1206 4547 1262 4614 uel
1279 4538 1341 4633 per'

134 4669 370 4736 lnstrumentum
381 4665 570 4754 publicum,
584 4666 641 4736 uel
652 4685 712 4754 per
724 4665 890 4754 scriptum
901 4661 1134 4752 praesentium
1145 4661 1338 4750 principum
