3318 5376
529 471 542 513 1
563 458 749 516 Ducanaris
770 460 838 529 1566
1205 461 1258 533 317

85 611 157 696 lapsi
170 631 284 696 puono
300 613 410 678 esser'
428 609 543 678 assolti
559 611 604 677 da
618 608 690 695 noi,
708 620 743 678 et
759 611 791 677 la
806 611 952 698 risposta
972 615 1036 681 che
1056 615 1100 680 ha
1120 613 1200 680 dato
1224 616 1297 683 Sua

83 725 208 804 Santiti,
225 726 258 791 la
274 728 381 810 quale
395 747 496 812 spero
512 727 569 794 nel
584 725 731 812 Signore
751 728 816 793 che
839 731 1028 814 temperari
1047 728 1118 797 Sua
1138 727 1293 796 Beatitu-

83 841 157 924 dine,
172 851 205 908 et
221 851 318 908 tutto
330 852 455 926 questo
470 843 571 908 rnodo
586 840 729 908 iuridico
745 841 780 910 di
800 844 975 928 proceder'
992 843 1082 911 nelle
1101 845 1234 914 heresis
1257 845 1292 914 in

83 959 267 1044 Alamagna.
294 959 429 1024 Perche
450 957 637 1026 realrnente
662 955 752 1024 sesi
778 955 938 1026 dimanda
962 960 999 1022 in
1016 960 1102 1046 soro
1125 961 1295 1025 exteriori

82 1071 303 1158 abgiuratioue
320 1071 476 1152 iuridica,
494 1082 530 1140 et
544 1094 582 1140 se
598 1073 726 1157 relapsi
741 1093 809 1138 non
832 1071 862 1138 si
881 1073 1073 1155 assolueno,
1092 1085 1213 1158 questo
1228 1097 1291 1142 ne-

81 1186 326 1256 oesariamente
342 1191 371 1254 s’
389 1191 434 1254 ha
449 1189 492 1256 de
507 1209 638 1275 sapere,
656 1188 780 1274 perche
795 1186 818 1253 li
836 1188 1009 1256 medcsimi
1025 1210 1091 1256 con
1107 1189 1162 1256 chi
1178 1189 1206 1256 si
1220 1191 1293 1258 lara

80 1316 179 1385 quana
192 1303 373 1389 diligenza
388 1305 421 1369 lo
445 1303 677 1390 publicarano,
695 1301 719 1369 il
739 1305 803 1370 che
826 1302 1063 1372 intendendosi
1086 1305 1130 1371 da
1153 1306 1291 1372 alchuni
1327 1325 1330 1334 ·

79 1415 245 1486 essercitati
262 1421 305 1483 in
323 1421 411 1499 inre,
429 1441 574 1487 uerrano
589 1442 610 1485 a
624 1417 698 1485 dire
713 1421 778 1485 che
797 1417 821 1485 il
841 1439 929 1506 papa
949 1421 993 1486 ha
1013 1405 1174 1505 speranza
1198 1431 1234 1488 et
1256 1421 1292 1488 fa

78 1534 171 1616 quello
185 1535 249 1600 che
265 1536 341 1620 puo
357 1555 417 1620 per
433 1532 633 1602 essercitare
648 1535 670 1598 l'
686 1531 798 1600 officio
810 1534 899 1602 della
914 1533 1132 1632 inquisitione
1148 1534 1182 1599 in
1199 1537 1290 1606 Ger-

80 1648 181 1728 mania,
196 1649 219 1714 il
234 1651 305 1718 che
322 1650 410 1718 uede
426 1651 458 1716 la
475 1651 515 1716 P.
535 1651 580 1715 V.
598 1659 726 1734 quanta
741 1649 928 1716 offensione
943 1650 1132 1734 puotrebbe
1148 1655 1253 1719 esser'
1269 1675 1293 1720 a

80 1762 177 1828 tuttili
196 1763 379 1847 catholici,
405 1787 474 1830 non
497 1765 570 1831 solo
597 1787 617 1830 a
639 1761 806 1830 heretici·
827 1763 1068 1850 impedimento
1091 1765 1126 1830 di
1150 1787 1219 1832 non
1243 1765 1289 1832 ri-

80 1877 165 1943 dursi
188 1881 242 1945 2.⁰
260 1883 353 1948 Pare
369 1881 473 1946 molto
489 1878 625 1946 difficile
646 1881 710 1947 che
731 1898 776 1944 un
798 1879 1004 1959 consessore,
1023 1880 1055 1946 le
1071 1900 1149 1946 cose
1165 1883 1229 1950 che
1244 1884 1291 1948 ha

81 1992 186 2060 sentito
209 1993 246 2060 in
274 1995 493 2064 confessione
513 1994 770 2076 sacramentale,
792 1995 825 2063 le
847 2003 953 2062 metta
971 2015 992 2060 o
1013 1994 1098 2062 faeci
1119 2000 1236 2064 meter'
1253 1996 1289 2064 in

80 2108 148 2174 altro
161 2112 248 2192 foro,
276 2112 435 2178 almanco
455 2131 557 2178 senza
577 2129 744 2176 consenso
764 2111 818 2176 del
839 2110 1040 2190 confitente,
1058 2111 1080 2176 il
1097 2112 1196 2195 quale
1219 2135 1289 2179 non

81 2221 191 2292 sideue
203 2227 350 2294 sforzar'
364 2250 385 2293 a
400 2238 535 2311 queste,
553 2228 616 2292 che
631 2226 686 2294 del
703 2226 775 2291 toro
790 2225 879 2292 della
894 2226 1121 2307 confessione,
1136 2249 1204 2293 non
1216 2229 1290 2295 solo

79 2336 225 2407 siriduca
250 2342 276 2408 il
300 2363 365 2409 suo
380 2352 523 2428 peccato
544 2342 575 2408 al
598 2331 669 2407 to'ro
690 2340 872 2420 exteriore,
894 2362 950 2406 ma
974 2341 1133 2408 etiamdio
1161 2344 1191 2408 al
1215 2345 1290 2412 loro

81 2455 224 2526 exteriore
240 2457 419 2526 criminale
439 2458 480 2523 cte
496 2458 603 2542 capite
619 2454 788 2524 contradi
808 2455 868 2522 lui.
889 2454 940 2539 3.⁰
956 2455 1000 2522 Di
1023 2467 1143 2540 questa
1164 2458 1289 2546 abgiu-

80 2567 189 2640 ratione
207 2574 375 2640 esteriore
394 2573 506 2659 pende
524 2575 629 2640 esser'
653 2571 785 2657 relapso
808 2571 845 2634 in
866 2571 953 2659 soro
972 2573 1154 2654 exteriore,
1175 2595 1196 2639 0
1216 2596 1287 2641 non

82 2689 180 2752 csser'.
198 2689 373 2756 Adunche
397 2711 433 2755 se
457 2710 526 2754 non
549 2685 730 2754 habbiamo
753 2687 792 2752 in
808 2687 895 2775 soro
918 2687 1078 2752 interiori
1100 2687 1206 2754 nostri
1223 2689 1287 2756 mi-

83 2796 201 2882 nisterii,
224 2827 297 2872 non
319 2807 340 2872 ὸ
361 2802 459 2871 facile
479 2802 551 2870 dire
574 2805 638 2869 che
667 2823 736 2867 uno
755 2799 806 2868 sia
826 2802 974 2888 relapso,
996 2804 1133 2886 quando
1160 2803 1195 2869 in
1215 2805 1290 2871 sola

82 2916 275 2988 consessione
296 2920 325 2986 si
348 2941 386 2986 sa
408 2921 473 2987 che
492 2919 512 2984 ὁ
533 2918 683 3002 relapso,
712 2915 747 2982 di
770 2916 871 2981 modo
891 2917 956 2984 che
979 2917 1034 2981 ille
1054 2925 1209 2984 censetur
1230 2939 1286 2986 re·

81 3029 177 3114 lapsis
187 3055 305 3100 coram
321 3037 405 3115 Deo,
418 3055 486 3098 non
499 3055 614 3098 coram
628 3031 791 3098 Ecclesia.
806 3031 843 3098 Si
855 3034 919 3099 che
930 3053 968 3100 se
983 3031 1011 3097 si
1027 3031 1071 3098 da
1087 3032 1233 3098 autoritii
1249 3035 1285 3099 d'

80 3133 220 3218 assoluer'
238 3149 381 3219 heretici
401 3150 429 3229 ¹³,
444 3152 464 3216 e
479 3147 706 3216 conueniente
721 3148 784 3212 che
805 3146 833 3212 si
849 3145 905 3212 dia
920 3149 1021 3212 etiarn
1040 3169 1099 3234 per
1117 3148 1139 3214 li
1162 3149 1286 3236 relapsi

81 3259 270 3352 inillosoro.
289 3265 342 3348 4.⁰
361 3267 413 3333 De
429 3264 502 3332 iure
522 3263 557 3329 in
579 3262 644 3343 6.⁰,
663 3262 719 3329 del
737 3259 886 3348 capitulo
906 3283 974 3328 non
997 3261 1041 3327 mi
1063 3261 1208 3345 ricorde,
1227 3286 1285 3329 re-

82 3372 241 3466 lanaque·
248 3382 447 3467 plectuntur
458 3380 577 3444 ultimo
589 3377 762 3464 supplicio,
770 3376 857 3442 iubet
867 3377 1003 3442 ecclesio
1014 3378 1214 3442 ministrari
1226 3401 1284 3444 so-

82 3501 246 3561 cromento.
263 3496 361 3564 Saria
373 3496 529 3562 adunche
542 3491 781 3572 conueniente,
795 3513 925 3578 separe
937 3514 957 3558 a
969 3493 1040 3560 Sua
1054 3491 1281 3576 Beatitudinc,

83 3605 133 3671 che
150 3610 223 3676 tutti
243 3612 268 3678 li
288 3609 412 3696 relapsi
426 3610 462 3675 d’
484 3610 677 3694 Alamagna
693 3608 731 3672 in
748 3608 834 3695 foro
856 3608 1078 3672 corisoientice
1098 3605 1127 3671 si
1147 3607 1287 3692 possino

83 3722 236 3808 assoluer'3
255 3727 392 3813 perche,
411 3725 555 3793 essendo
571 3727 635 3791 che
659 3742 744 3789 sono
759 3720 893 3808 relapsi,
910 3726 1019 3807 potest
1032 3729 1165 3807 semper
1181 3724 1285 3789 index

83 3841 209 3905 euenor
219 3861 377 3908 exercere
388 3862 488 3906 suom
501 3839 760 3904 iurisdictionen
775 3839 810 3902 in
824 3839 924 3922 ipsos,
937 3843 967 3902 et
979 3858 1085 3923 neque
1101 3839 1283 3924 quicquam

83 3949 199 4035 impedit
208 3957 381 4036 absolutio,
389 3955 448 4022 sed
459 3955 651 4020 consulitur
663 3955 792 4018 intereo
805 3973 922 4018 eornm
935 3955 1160 4019 conscientiis.
1175 3953 1223 4038 5.⁰
1235 3957 1283 4022 Se

83 4083 134 4132 0011
156 4071 389 4158 abgiuratione
414 4070 577 4138 esteriore
603 4071 631 4135 s'
653 4071 698 4135 ha
718 4091 739 4136 a
761 4069 832 4134 dar'
851 4069 873 4134 l’
891 4068 1110 4150 assolutione,
1137 4069 1237 4156 pochi
1260 4091 1283 4136 o

84 4183 149 4250 ruli
158 4207 272 4256 sarano
284 4191 349 4257 che
361 4209 430 4254 non
442 4187 471 4253 si
485 4185 615 4254 tentino
627 4195 861 4272 grauemente,
876 4189 906 4249 et
916 4185 1155 4269 periclitentur
1167 4187 1282 4268 etiam,

83 4315 115 4361 ne
126 4306 304 4371 arundines
313 4305 538 4394 fumigantes
553 4301 784 4388 extingantnr
798 4295 883 4388 [sic],
899 4309 965 4367 etc.
985 4301 1037 4365 6.⁰
1050 4301 1095 4368 Se
1116 4299 1144 4366 si
1161 4323 1199 4367 sa
1215 4304 1281 4369 che

84 4409 102 4474 li
118 4417 222 4506 relapsi
242 4442 312 4486 non
333 4419 568 4499 obsotrruntnr,
596 4416 698 4483 nisun
722 4416 856 4506 relapso
880 4417 956 4482 sarii
971 4417 1035 4482 che
1057 4437 1126 4482 non
1149 4416 1280 4504 uenghi

101 4526 255 4544 Ἢ

87 4658 102 4713 h
129 4583 143 4618 ⁸
165 4575 296 4654 Sequitur
307 4583 336 4637 et
349 4579 564 4636 obliteratum
577 4577 643 4634 libr.
681 4579 697 4620 ¹¹
709 4575 847 4649 Sequitur
864 4576 1044 4648 simpliciter
1060 4575 1247 4634 obliteratum
1264 4593 1282 4632 a

97 4659 139 4718 ht.
475 4666 477 4670 '
