3322 5376
404 507 458 562 444
758 548 760 558 ,
791 495 892 549 Errsr.
913 491 947 546 P.
968 491 1172 562 Ninia-476

369 643 500 726 ri,etc.,
510 644 694 732 obligando
707 667 745 713 se
756 655 878 726 stessa,
887 665 990 712 senza
999 642 1142 730 rispetto
1154 643 1209 712 all'
1219 645 1317 712 altro.
1328 647 1371 712 Et
1384 657 1506 730 questo
1518 666 1593 714 caso
1647 621 1648 640 ¹

369 761 466 846 quasi
480 758 662 828 habbiamo
679 761 718 826 in
734 760 903 840 terminis,
919 781 957 826 se
972 780 1041 826 non
1064 761 1128 826 che
1149 760 1264 846 quello
1284 758 1440 847 significa
1457 761 1592 828 deside·

370 897 443 942 rare
459 876 650 962 ingmaro,
666 886 700 942 et
711 886 727 918 ²
741 874 853 960 questi
868 873 904 941 in
919 873 1134 960 particulare.
1149 876 1202 942 Ne
1219 897 1300 961 pare
1316 877 1381 944 che
1392 874 1589 962 impedischi

370 989 449 1058 farsi
465 1001 538 1058 atto
552 990 587 1057 di
603 1001 736 1077 questo;
755 990 880 1077 perche
895 989 918 1056 l'
936 1000 1008 1057 atto
1023 1010 1093 1058 non
1114 991 1185 1058 lara
1205 990 1281 1077 piri,
1299 992 1342 1058 ni
1364 990 1521 1079 obligata
1536 992 1588 1078 piir

370 1105 404 1172 di
420 1107 534 1192 quello
549 1109 615 1175 che
630 1107 733 1175 uuole
755 1107 788 1173 la
810 1105 1036 1193 Compagnia,
1061 1107 1105 1174 ne
1129 1108 1172 1174 ad
1187 1107 1286 1190 altro,
1300 1128 1337 1174 se
1360 1127 1430 1173 non
1445 1129 1465 1173 a
1481 1109 1588 1192 quello

370 1223 437 1288 che
452 1222 640 1292 determina
657 1224 740 1304 fare,
757 1233 792 1290 et
808 1225 877 1308 pah
892 1220 1064 1308 obligare,
1081 1233 1116 1288 et
1132 1221 1243 1288 debhe
1263 1222 1416 1309 obligare
1436 1243 1498 1309 per
1513 1223 1589 1289 obe-

370 1334 491 1403 dienza
502 1359 523 1403 a
534 1338 600 1404 che
615 1337 645 1404 si
662 1336 779 1404 faccia.
799 1339 843 1404 Et
858 1337 949 1406 nella
959 1335 1168 1423 obligatione
1179 1339 1249 1423 pub
1261 1341 1396 1406 metter'
1411 1337 1470 1404 tali
1482 1339 1589 1424 parole

369 1452 403 1519 la
418 1451 643 1540 Compagnia,
660 1454 727 1519 che
742 1451 882 1521 escluda
898 1451 980 1539 ogni
997 1451 1151 1538 rispetto,
1168 1462 1203 1520 et
1218 1452 1301 1539 ogni
1312 1473 1545 1539 recompensa,
1557 1463 1587 1520 et

370 1577 459 1634 tutto
474 1568 588 1652 quello
603 1571 668 1637 che
685 1567 878 1654 prohibisce
893 1568 926 1634 la
941 1566 1156 1654 Compagnia
1175 1566 1255 1635 nelli
1277 1567 1375 1655 loghi
1396 1567 1493 1634 citati
1508 1569 1588 1636 della

370 1683 474 1762 bolla,
491 1693 574 1764 etc,
591 1694 626 1750 et
641 1682 734 1750 dichi
750 1684 816 1751 che
832 1692 1032 1768 puramente
1048 1684 1150 1753 vuole
1166 1684 1238 1752 fare
1252 1685 1378 1769 quello,
1394 1693 1429 1751 et
1445 1683 1556 1770 obliga
1570 1707 1586 1750 a

372 1798 457 1864 farlo
466 1805 558 1884 pure
572 1803 603 1863 ot
618 1799 818 1884 simpliciter
833 1820 893 1884 per
907 1819 1002 1864 amor
1018 1799 1061 1865 de
1080 1798 1159 1877 Dio,
1177 1809 1212 1866 et
1232 1800 1342 1866 salute
1360 1799 1450 1866 delle
1470 1797 1583 1876 anime,

372 1923 406 1980 et
422 1933 492 1980 non
508 1933 569 2000 per
581 1913 667 1980 altro
680 1912 821 1998 rispetto
833 1912 968 1980 nisano.
984 1914 1037 1980 Ne
1049 1923 1170 1999 questa
1181 1911 1391 2000 obligatione
1402 1913 1431 1981 si
1442 1918 1511 2000 pua
1522 1913 1585 1979 dire
1648 1891 1649 1962 1

371 2038 553 2109 contratto;
571 2027 696 2115 perche
712 2048 782 2092 non
798 2027 816 2093 ὲ
832 2039 963 2095 mutuo.
983 2028 1009 2094 Ι1
1024 2038 1195 2094 contratto
1211 2029 1231 2094 ὁ
1247 2037 1367 2094 mutuo
1379 2049 1445 2095 con
1456 2029 1489 2094 la
1500 2039 1583 2113 parte
1648 2065 1649 2070 κ

372 2144 436 2212 che
452 2143 532 2210 dota
547 2166 568 2210 o
584 2144 759 2210 contrahe.
774 2142 912 2212 Sicome
927 2144 1028 2209 none
1043 2153 1226 2223 contratto,
1245 2143 1382 2229 quando
1397 2143 1421 2209 il
1437 2143 1584 2231 generale

371 2258 488 2346 obliga
499 2259 532 2327 la
538 2257 751 2346 Compagnia
763 2253 1043 2344 perpetuamente
1054 2257 1089 2324 in
1099 2259 1245 2343 qualche
1256 2280 1347 2340 cosa,
1357 2279 1456 2326 corne
1466 2259 1499 2326 in
1509 2257 1583 2322 mol·

374 2385 408 2442 te
423 2373 530 2442 siamo
541 2373 696 2461 obligati,
714 2374 887 2459 cquando
903 2373 1018 2460 obliga
1033 2375 1154 2440 alcuna
1170 2373 1371 2460 particolare
1386 2372 1553 2461 prouincia
1566 2392 1583 2436 o

372 2488 530 2576 collegio,
548 2491 592 2556 ne
608 2489 745 2574 quando
760 2490 783 2556 il
799 2511 886 2576 papa
902 2489 1017 2576 obliga
1040 2510 1107 2556 vna
1123 2489 1238 2556 chiesa
1257 2512 1278 2556 o
1295 2489 1472 2576 religione.
1490 2491 1529 2555 Et
1543 2487 1580 2566 io,

374 2605 495 2686 Padre,
509 2603 625 2692 voglio
637 2614 870 2690 representare
885 2604 908 2671 il
924 2603 992 2671 mio
1007 2614 1177 2672 concetto:
1191 2607 1256 2672 che
1270 2627 1339 2672 non
1350 2604 1515 2674 conuiene
1525 2602 1580 2668 alla

371 2719 583 2806 Compagnia
599 2719 740 2789 lasciare
755 2722 788 2788 le
804 2719 994 2788 fundationi
1009 2719 1114 2788 libere
1133 2721 1177 2788 da
1193 2731 1308 2788 nostra
1324 2731 1440 2808 parte3
1459 2715 1579 2807 parchi,

368 2835 500 2903 benene
515 2855 615 2920 spero
635 2838 698 2902 che
719 2835 743 2902 il
766 2835 913 2922 Signore
933 2836 1155 2924 augmentari
1179 2859 1311 2924 sempre
1334 2837 1367 2903 la
1390 2833 1579 2922 perfettione

368 2949 456 3016 della
468 2949 692 3036 Compagnia,
707 2957 820 3017 tamen
836 2951 982 3019 deuemo
998 2973 1058 3038 per
1072 2952 1163 3018 virtu
1178 2953 1222 3018 de
1237 2951 1417 3039 prudentia
1429 2961 1464 3018 et
1479 2945 1579 3036 proui-

368 3063 483 3133 dentia
495 3063 599 3134 leuar'
612 3065 645 3134 le
657 3065 826 3134 occasioni
838 3065 895 3132 alli
911 3067 1017 3134 nostri
1033 3066 1235 3146 successori,
1253 3087 1296 3132 ne
1306 3067 1442 3153 possint
1454 3065 1578 3132 dotatio·
1649 3111 1650 3162 ἱ

368 3179 469 3246 nibus
484 3180 588 3262 abati,
602 3181 834 3268 pretendendo
847 3203 916 3248 non
932 3179 1035 3250 esser’
1049 3181 1202 3268 obligati.
1218 3183 1260 3248 Et
1273 3183 1328 3249 all'
1342 3183 1426 3247 hora
1438 3179 1467 3247 si
1478 3174 1578 3264 segui-
1649 3191 1650 3236 5

370 3295 511 3394 tarebbe
535 3317 622 3383 gran
645 3294 848 3364 confusione
871 3297 959 3364 della
983 3296 1208 3384 Compagnia,
1226 3307 1261 3364 et
1284 3299 1348 3365 che
1372 3293 1579 3382 insurgerent

369 3433 577 3478 successores
583 3413 818 3502 fundatorum
830 3415 861 3477 et
874 3413 1102 3498 magistratus
1118 3413 1169 3478 vel
1180 3413 1342 3500 princeps
1354 3415 1473 3478 contra
1484 3407 1578 3475 Soca-

370 3531 482 3594 tatam.
503 3529 546 3594 Et
561 3525 735 3613 obligarsi,
754 3527 905 3594 secondo
920 3528 953 3593 la
967 3527 1104 3596 volontir
1127 3528 1170 3595 de
1194 3526 1377 3610 fundatori,
1403 3523 1577 3613 significata

369 3640 459 3708 nelle
481 3639 672 3707 dotationib
694 3641 737 3708 de
763 3662 843 3708 cose
871 3641 1080 3728 particulari,
1106 3663 1174 3710 non
1196 3640 1397 3728 impedisce3
1420 3636 1534 3726 perchi
1551 3633 1576 3697 la

369 3755 594 3842 Compagnia,
612 3775 710 3822 come
726 3757 771 3822 ho
787 3758 893 3837 detto,
914 3755 992 3824 nell'
1009 3756 1215 3843 obligatione
1231 3777 1293 3824 sua
1308 3755 1337 3822 si
1348 3759 1418 3842 pah
1430 3748 1574 3822 cautelar'

368 3872 608 3956 amplamente,
624 3871 832 3939 escludendo
848 3871 929 3960 ogni
946 3893 1027 3939 cosa
1042 3873 1106 3938 che
1118 3870 1153 3937 in
1165 3882 1286 3956 questa
1297 3881 1393 3958 parte
1407 3868 1495 3958 possi
1507 3866 1575 3932 dare

367 3985 481 4070 specie
502 3985 665 4066 alchana,
690 3988 755 4052 che
772 3987 822 4053 far
837 3986 971 4074 puotesi
992 3985 1153 4054 difficolti
1172 3987 1342 4068 alchana,
1365 3995 1400 4054 et
1419 3981 1574 4054 escludere

369 4099 470 4169 etiam
493 4099 577 4187 ogni
598 4102 748 4182 cautela,
772 4101 856 4189 ogni
876 4102 932 4169 ias
952 4099 1166 4192 comlmhma,
1182 4105 1214 4167 et
1233 4100 1480 4170 consuetudine
1493 4090 1576 4162 simi·

369 4215 456 4281 liam
472 4215 718 4304 obligationum
732 4226 799 4286 etc.

439 4349 469 4398 2.
517 4333 684 4400 Venendo
711 4331 845 4412 adesso,
869 4331 992 4413 Padre,
1022 4331 1054 4398 al
1081 4330 1281 4418 particolare
1307 4330 1387 4398 delli
1413 4321 1529 4417 negotij
1547 4328 1575 4385 et

368 4445 565 4515 fundationi
580 4446 614 4513 d'
633 4448 838 4534 Alamagna,
857 4467 925 4513 non
941 4468 981 4513 so
995 4467 1033 4516 se
1044 4447 1091 4511 m'
1104 4445 1270 4534 inganno;
1284 4467 1339 4513 ma
1350 4467 1453 4513 senza
1468 4429 1572 4510 trouu'

420 4615 436 4649 Ι
464 4605 546 4660 Haec
559 4604 701 4676 particula
718 4623 805 4678 supra
822 4623 900 4662 vers.
918 4605 1018 4662 addita
1034 4614 1081 4662 est
1098 4623 1115 4661 a
1133 4604 1261 4662 liba-b
1276 4605 1467 4662 Emendatum
1482 4617 1497 4655 a
1511 4597 1567 4654 libr·

366 4709 405 4747 ex
412 4691 613 4764 fundationi.
