<?xml version="1.0" encoding="UTF-8"?>
<!DOCTYPE html PUBLIC "-//W3C//DTD XHTML 1.0 Transitional//EN"
    "http://www.w3.org/TR/xhtml1/DTD/xhtml1-transitional.dtd">
<html xmlns="http://www.w3.org/1999/xhtml" xml:lang="en" lang="en">
 <head>
  <title>
</title>
<meta http-equiv="Content-Type" content="text/html;charset=utf-8" />
  <meta name='ocr-system' content='tesseract 3.04.00' />
  <meta name='ocr-capabilities' content='ocr_page ocr_carea ocr_par ocr_line ocrx_word'/>
</head>
<body>
  <div class='ocr_page' id='page_1' title='image "./epistolaephiero01nadagoog_0844.png"; bbox 0 0 3482 5386; ppageno 0'>
   <div class='ocr_carea' id='block_1_1' title="bbox 740 473 1397 550">
    <p class='ocr_par' dir='ltr' id='par_1_1' title="bbox 740 473 1397 550">
     <span class='ocr_line' id='line_1_1' title="bbox 740 473 1397 550; baseline 0.011 -22"><span class='ocrx_word' id='word_1_1' title='bbox 740 473 907 530; x_wconf 75' lang='lat' dir='ltr'>Arrennrx</span> <span class='ocrx_word' id='word_1_2' title='bbox 1345 479 1397 550; x_wconf 88' lang='lat'>805</span> 
     </span>
    </p>
   </div>
   <div class='ocr_carea' id='block_1_2' title="bbox 186 622 1436 1161">
    <p class='ocr_par' dir='ltr' id='par_1_2' title="bbox 186 622 1436 1161">
     <span class='ocr_line' id='line_1_2' title="bbox 186 622 1436 716; baseline 0.007 -27"><span class='ocrx_word' id='word_1_3' title='bbox 186 643 305 704; x_wconf 89' lang='lat' dir='ltr'>uum,</span> <span class='ocrx_word' id='word_1_4' title='bbox 329 634 367 688; x_wconf 91' lang='lat' dir='ltr'>vt</span> <span class='ocrx_word' id='word_1_5' title='bbox 386 622 455 689; x_wconf 94' lang='lat' dir='ltr'>illic</span> <span class='ocrx_word' id='word_1_6' title='bbox 475 623 541 690; x_wconf 90' lang='lat' dir='ltr'>isto</span> <span class='ocrx_word' id='word_1_7' title='bbox 561 625 713 692; x_wconf 89' lang='lat' dir='ltr'>aduentu</span> <span class='ocrx_word' id='word_1_8' title='bbox 734 625 917 694; x_wconf 87' lang='lat' dir='ltr'>conciones</span> <span class='ocrx_word' id='word_1_9' title='bbox 938 628 981 694; x_wconf 90' lang='lat' dir='ltr'>ad</span> <span class='ocrx_word' id='word_1_10' title='bbox 1008 630 1172 716; x_wconf 90' lang='lat' dir='ltr'>populum</span> <span class='ocrx_word' id='word_1_11' title='bbox 1201 631 1375 712; x_wconf 90' lang='lat' dir='ltr'>haberem,</span> <span class='ocrx_word' id='word_1_12' title='bbox 1399 641 1436 700; x_wconf 89' lang='lat' dir='ltr'>et</span> 
     </span>
     <span class='ocr_line' id='line_1_3' title="bbox 188 711 1436 801; baseline 0.006 -23"><span class='ocrx_word' id='word_1_13' title='bbox 188 712 285 798; x_wconf 89' lang='lat' dir='ltr'>ipse</span> <span class='ocrx_word' id='word_1_14' title='bbox 306 713 531 779; x_wconf 89' lang='lat' dir='ltr'>Cameracum</span> <span class='ocrx_word' id='word_1_15' title='bbox 552 711 664 781; x_wconf 90' lang='lat' dir='ltr'>rediit.</span> <span class='ocrx_word' id='word_1_16' title='bbox 689 713 822 781; x_wconf 85' lang='lat' dir='ltr'>Interea</span> <span class='ocrx_word' id='word_1_17' title='bbox 844 715 949 782; x_wconf 89' lang='lat' dir='ltr'>abbas</span> <span class='ocrx_word' id='word_1_18' title='bbox 973 718 1264 801; x_wconf 88' lang='lat' dir='ltr'>aquaecinctensis</span> <span class='ocrx_word' id='word_1_19' title='bbox 1287 741 1436 786; x_wconf 89' lang='lat' dir='ltr'>consen-</span> 
     </span>
     <span class='ocr_line' id='line_1_4' title="bbox 191 801 1434 888; baseline 0.006 -20"><span class='ocrx_word' id='word_1_20' title='bbox 191 821 289 868; x_wconf 87' lang='lat' dir='ltr'>sum</span> <span class='ocrx_word' id='word_1_21' title='bbox 305 822 445 867; x_wconf 91' lang='lat' dir='ltr'>suorum</span> <span class='ocrx_word' id='word_1_22' title='bbox 461 805 706 868; x_wconf 89' lang='lat' dir='ltr'>monachorum</span> <span class='ocrx_word' id='word_1_23' title='bbox 722 801 830 888; x_wconf 90' lang='lat' dir='ltr'>petiit,</span> <span class='ocrx_word' id='word_1_24' title='bbox 848 824 950 887; x_wconf 90' lang='lat' dir='ltr'>quem</span> <span class='ocrx_word' id='word_1_25' title='bbox 966 805 1124 886; x_wconf 89' lang='lat' dir='ltr'>obtinuit,</span> <span class='ocrx_word' id='word_1_26' title='bbox 1144 806 1281 876; x_wconf 90' lang='lat' dir='ltr'>nemine</span> <span class='ocrx_word' id='word_1_27' title='bbox 1296 819 1434 876; x_wconf 90' lang='lat' dir='ltr'>contra·</span> 
     </span>
     <span class='ocr_line' id='line_1_5' title="bbox 193 889 1436 978; baseline 0.006 -24"><span class='ocrx_word' id='word_1_28' title='bbox 193 889 363 969; x_wconf 86' lang='lat' dir='ltr'>dicente,</span> <span class='ocrx_word' id='word_1_29' title='bbox 382 899 418 954; x_wconf 91' lang='lat' dir='ltr'>vt</span> <span class='ocrx_word' id='word_1_30' title='bbox 434 890 617 978; x_wconf 84' lang='lat' dir='ltr'>collegium</span> <span class='ocrx_word' id='word_1_31' title='bbox 633 891 796 960; x_wconf 87' lang='lat' dir='ltr'>Societati</span> <span class='ocrx_word' id='word_1_32' title='bbox 811 891 1001 978; x_wconf 80' lang='lat' dir='ltr'>erigeretur</span> <span class='ocrx_word' id='word_1_33' title='bbox 1017 915 1095 962; x_wconf 88' lang='lat' dir='ltr'>curn</span> <span class='ocrx_word' id='word_1_34' title='bbox 1112 897 1247 964; x_wconf 90' lang='lat' dir='ltr'>redditu</span> <span class='ocrx_word' id='word_1_35' title='bbox 1264 896 1354 964; x_wconf 89' lang='lat' dir='ltr'>mille</span> <span class='ocrx_word' id='word_1_36' title='bbox 1371 899 1436 963; x_wconf 88' lang='lat' dir='ltr'>llo-</span> 
     </span>
     <span class='ocr_line' id='line_1_6' title="bbox 195 977 1434 1071; baseline 0.007 -28"><span class='ocrx_word' id='word_1_37' title='bbox 195 1000 388 1059; x_wconf 91' lang='lat' dir='ltr'>renorum,</span> <span class='ocrx_word' id='word_1_38' title='bbox 406 988 442 1046; x_wconf 92' lang='lat' dir='ltr'>et</span> <span class='ocrx_word' id='word_1_39' title='bbox 458 989 632 1064; x_wconf 90' lang='lat' dir='ltr'>praeterea</span> <span class='ocrx_word' id='word_1_40' title='bbox 648 977 733 1047; x_wconf 85' lang='lat' dir='ltr'>aliae</span> <span class='ocrx_word' id='word_1_41' title='bbox 753 979 842 1049; x_wconf 86' lang='lat' dir='ltr'>duae</span> <span class='ocrx_word' id='word_1_42' title='bbox 862 981 1089 1050; x_wconf 85' lang='lat' dir='ltr'>habitationes</span> <span class='ocrx_word' id='word_1_43' title='bbox 1109 1007 1129 1050; x_wconf 88' lang='lat' dir='ltr'>a</span> <span class='ocrx_word' id='word_1_44' title='bbox 1149 985 1295 1071; x_wconf 87' lang='lat' dir='ltr'>collegio</span> <span class='ocrx_word' id='word_1_45' title='bbox 1315 995 1434 1053; x_wconf 87' lang='lat' dir='ltr'>nostro</span> 
     </span>
     <span class='ocr_line' id='line_1_7' title="bbox 193 1066 1435 1161; baseline 0.008 -29"><span class='ocrx_word' id='word_1_46' title='bbox 193 1066 407 1146; x_wconf 85' lang='lat' dir='ltr'>distinctae,</span> <span class='ocrx_word' id='word_1_47' title='bbox 426 1068 531 1134; x_wconf 88' lang='lat' dir='ltr'>altera</span> <span class='ocrx_word' id='word_1_48' title='bbox 548 1089 610 1154; x_wconf 93' lang='lat' dir='ltr'>pro</span> <span class='ocrx_word' id='word_1_49' title='bbox 624 1068 858 1137; x_wconf 87' lang='lat' dir='ltr'>sacerdotibus</span> <span class='ocrx_word' id='word_1_50' title='bbox 875 1071 998 1138; x_wconf 86' lang='lat' dir='ltr'>futuris</span> <span class='ocrx_word' id='word_1_51' title='bbox 1018 1073 1223 1157; x_wconf 86' lang='lat' dir='ltr'>pastoribus,</span> <span class='ocrx_word' id='word_1_52' title='bbox 1246 1075 1352 1141; x_wconf 91' lang='lat' dir='ltr'>altera</span> <span class='ocrx_word' id='word_1_53' title='bbox 1372 1095 1435 1161; x_wconf 93' lang='lat' dir='ltr'>pro</span> 
     </span>
    </p>
   </div>
   <div class='ocr_carea' id='block_1_3' title="bbox 194 1155 1435 1314">
    <p class='ocr_par' dir='ltr' id='par_1_3' title="bbox 194 1155 1435 1314">
     <span class='ocr_line' id='line_1_8' title="bbox 194 1155 1435 1312; baseline 0.009 -92"><span class='ocrx_word' id='word_1_54' title='bbox 194 1155 486 1312; x_wconf 59' lang='lat' dir='ltr'>³g⁰i&gt;e³iintibu⁵</span> <span class='ocrx_word' id='word_1_55' title='bbox 517 1155 718 1225; x_wconf 90' lang='lat' dir='ltr'>studiosis...</span> <span class='ocrx_word' id='word_1_56' title='bbox 746 1157 882 1227; x_wconf 80' lang='lat' dir='ltr'>Scribat</span> <span class='ocrx_word' id='word_1_57' title='bbox 910 1160 978 1228; x_wconf 90' lang='lat' dir='ltr'>late</span> <span class='ocrx_word' id='word_1_58' title='bbox 1004 1161 1045 1229; x_wconf 90' lang='lat' dir='ltr'>P.</span> <span class='ocrx_word' id='word_1_59' title='bbox 1073 1161 1205 1229; x_wconf 86' lang='lat' dir='ltr'>Natalis</span> <span class='ocrx_word' id='word_1_60' title='bbox 1231 1164 1275 1230; x_wconf 92' lang='lat' dir='ltr'>de</span> <span class='ocrx_word' id='word_1_61' title='bbox 1301 1164 1366 1229; x_wconf 89' lang='lat' dir='ltr'>hac</span> <span class='ocrx_word' id='word_1_62' title='bbox 1397 1185 1435 1231; x_wconf 91' lang='lat' dir='ltr'>re</span> 
     </span>
     <span class='ocr_line' id='line_1_9' title="bbox 194 1265 312 1314; baseline 0.009 -4"><span class='ocrx_word' id='word_1_63' title='bbox 194 1265 222 1310; x_wconf 89' lang='lat' dir='ltr'>a</span> <span class='ocrx_word' id='word_1_64' title='bbox 304 1299 312 1314; x_wconf 94' lang='lat'>.</span> 
     </span>
    </p>
   </div>
   <div class='ocr_carea' id='block_1_4' title="bbox 334 1425 1315 1906">
    <p class='ocr_par' dir='ltr' id='par_1_4' title="bbox 334 1425 1315 1906">
     <span class='ocr_line' id='line_1_10' title="bbox 786 1425 864 1492; baseline 0 0"><span class='ocrx_word' id='word_1_65' title='bbox 786 1425 864 1492; x_wconf 87' lang='lat' dir='ltr'>LXI</span> 
     </span>
     <span class='ocr_line' id='line_1_11' title="bbox 334 1561 1315 1627; baseline 0.004 -8"><span class='ocrx_word' id='word_1_66' title='bbox 334 1562 543 1620; x_wconf 86' lang='lat' dir='ltr'><strong>EXCERPTA</strong></span> <span class='ocrx_word' id='word_1_67' title='bbox 562 1564 614 1620; x_wconf 88' lang='lat' dir='ltr'>EX</span> <span class='ocrx_word' id='word_1_68' title='bbox 633 1561 824 1623; x_wconf 81' lang='lat' dir='ltr'>HISTORIA</span> <span class='ocrx_word' id='word_1_69' title='bbox 843 1565 1031 1625; x_wconf 91' lang='lat' dir='ltr'>COLLEGIl</span> <span class='ocrx_word' id='word_1_70' title='bbox 1048 1565 1315 1627; x_wconf 82' lang='lat' dir='ltr'><strong>LOVANIENSIS</strong></span> 
     </span>
     <span class='ocr_line' id='line_1_12' title="bbox 700 1691 947 1775; baseline 0.016 -17"><span class='ocrx_word' id='word_1_71' title='bbox 700 1691 805 1758; x_wconf 90' lang='lat' dir='ltr'>Auno</span> <span class='ocrx_word' id='word_1_72' title='bbox 825 1693 908 1775; x_wconf 86' lang='lat'>1567</span> <span class='ocrx_word' id='word_1_73' title='bbox 925 1695 947 1762; x_wconf 92' lang='lat'>¹.</span> 
     </span>
     <span class='ocr_line' id='line_1_13' title="bbox 518 1830 1127 1906; baseline 0.007 -20"><span class='ocrx_word' id='word_1_74' title='bbox 518 1830 639 1886; x_wconf 84' lang='lat' dir='ltr'>Natalis</span> <span class='ocrx_word' id='word_1_75' title='bbox 648 1831 808 1906; x_wconf 83' lang='lat' dir='ltr'>collegium</span> <span class='ocrx_word' id='word_1_76' title='bbox 821 1832 992 1889; x_wconf 74' lang='lat' dir='ltr'>lovaniense</span> <span class='ocrx_word' id='word_1_77' title='bbox 1005 1833 1127 1891; x_wconf 83' lang='lat' dir='ltr'>lustrat.</span> 
     </span>
    </p>
   </div>
   <div class='ocr_carea' id='block_1_5' title="bbox 201 1957 1438 3019">
    <p class='ocr_par' dir='ltr' id='par_1_5' title="bbox 201 1957 1438 3019">
     <span class='ocr_line' id='line_1_14' title="bbox 280 1957 1436 2042; baseline -0.001 -17"><span class='ocrx_word' id='word_1_78' title='bbox 280 1959 386 2025; x_wconf 83' lang='lat' dir='ltr'>Anno</span> <span class='ocrx_word' id='word_1_79' title='bbox 406 1957 489 2040; x_wconf 88' lang='lat'>1567</span> <span class='ocrx_word' id='word_1_80' title='bbox 499 1990 511 2037; x_wconf 91' lang='lat'>,·</span> <span class='ocrx_word' id='word_1_81' title='bbox 527 1959 565 2024; x_wconf 90' lang='lat' dir='ltr'>P.</span> <span class='ocrx_word' id='word_1_82' title='bbox 590 1957 821 2042; x_wconf 88' lang='lat' dir='ltr'>Hieronymus</span> <span class='ocrx_word' id='word_1_83' title='bbox 840 1957 972 2025; x_wconf 89' lang='lat' dir='ltr'>Natalis</span> <span class='ocrx_word' id='word_1_84' title='bbox 991 1980 1069 2026; x_wconf 85' lang='lat' dir='ltr'>curn</span> <span class='ocrx_word' id='word_1_85' title='bbox 1091 1961 1132 2026; x_wconf 93' lang='lat' dir='ltr'>P.</span> <span class='ocrx_word' id='word_1_86' title='bbox 1150 1957 1309 2026; x_wconf 89' lang='lat' dir='ltr'>Ximenio</span> <span class='ocrx_word' id='word_1_87' title='bbox 1330 1957 1436 2024; x_wconf 87' lang='lat' dir='ltr'>colle·</span> 
     </span>
     <span class='ocr_line' id='line_1_15' title="bbox 205 2045 1435 2134; baseline -0.002 -20"><span class='ocrx_word' id='word_1_88' title='bbox 205 2047 312 2134; x_wconf 86' lang='lat' dir='ltr'>gium</span> <span class='ocrx_word' id='word_1_89' title='bbox 328 2048 396 2111; x_wconf 91' lang='lat' dir='ltr'>hoc</span> <span class='ocrx_word' id='word_1_90' title='bbox 411 2045 561 2112; x_wconf 86' lang='lat' dir='ltr'>visitavit</span> <span class='ocrx_word' id='word_1_91' title='bbox 576 2055 622 2127; x_wconf 91' lang='lat' dir='ltr'>et,</span> <span class='ocrx_word' id='word_1_92' title='bbox 637 2048 728 2130; x_wconf 91' lang='lat' dir='ltr'>quod</span> <span class='ocrx_word' id='word_1_93' title='bbox 740 2046 775 2112; x_wconf 89' lang='lat' dir='ltr'>in</span> <span class='ocrx_word' id='word_1_94' title='bbox 791 2068 834 2114; x_wconf 88' lang='lat' dir='ltr'>eo</span> <span class='ocrx_word' id='word_1_95' title='bbox 846 2047 1071 2128; x_wconf 87' lang='lat' dir='ltr'>obedientiae,</span> <span class='ocrx_word' id='word_1_96' title='bbox 1086 2046 1272 2126; x_wconf 67' lang='lat' dir='ltr'>charitatis</span> <span class='ocrx_word' id='word_1_97' title='bbox 1286 2065 1327 2112; x_wconf 92' lang='lat' dir='ltr'>ac</span> <span class='ocrx_word' id='word_1_98' title='bbox 1342 2066 1435 2112; x_wconf 88' lang='lat' dir='ltr'>mor-</span> 
     </span>
     <span class='ocr_line' id='line_1_16' title="bbox 206 2133 1435 2222; baseline 0 -20"><span class='ocrx_word' id='word_1_99' title='bbox 206 2134 411 2202; x_wconf 89' lang='lat' dir='ltr'>tificationis</span> <span class='ocrx_word' id='word_1_100' title='bbox 423 2135 573 2201; x_wconf 89' lang='lat' dir='ltr'>studium</span> <span class='ocrx_word' id='word_1_101' title='bbox 589 2133 803 2220; x_wconf 91' lang='lat' dir='ltr'>potissimum</span> <span class='ocrx_word' id='word_1_102' title='bbox 819 2134 963 2222; x_wconf 85' lang='lat' dir='ltr'>vigeret,</span> <span class='ocrx_word' id='word_1_103' title='bbox 979 2157 1104 2222; x_wconf 88' lang='lat' dir='ltr'>magna</span> <span class='ocrx_word' id='word_1_104' title='bbox 1115 2159 1153 2204; x_wconf 91' lang='lat' dir='ltr'>se</span> <span class='ocrx_word' id='word_1_105' title='bbox 1165 2137 1340 2220; x_wconf 89' lang='lat' dir='ltr'>voluptate</span> <span class='ocrx_word' id='word_1_106' title='bbox 1356 2156 1435 2220; x_wconf 88' lang='lat' dir='ltr'>per-</span> 
     </span>
     <span class='ocr_line' id='line_1_17' title="bbox 205 2223 1433 2310; baseline -0.002 -20"><span class='ocrx_word' id='word_1_107' title='bbox 205 2225 311 2291; x_wconf 88' lang='lat' dir='ltr'>fundi</span> <span class='ocrx_word' id='word_1_108' title='bbox 327 2245 431 2309; x_wconf 85' lang='lat' dir='ltr'>saepe</span> <span class='ocrx_word' id='word_1_109' title='bbox 446 2233 591 2295; x_wconf 83' lang='lat' dir='ltr'>testatus</span> <span class='ocrx_word' id='word_1_110' title='bbox 607 2234 671 2302; x_wconf 88' lang='lat' dir='ltr'>est,</span> <span class='ocrx_word' id='word_1_111' title='bbox 685 2225 770 2290; x_wconf 90' lang='lat' dir='ltr'>adeo</span> <span class='ocrx_word' id='word_1_112' title='bbox 788 2234 825 2291; x_wconf 92' lang='lat' dir='ltr'>ut</span> <span class='ocrx_word' id='word_1_113' title='bbox 846 2223 902 2292; x_wconf 91' lang='lat' dir='ltr'>hic</span> <span class='ocrx_word' id='word_1_114' title='bbox 919 2238 1084 2310; x_wconf 89' lang='lat' dir='ltr'>perpetuo</span> <span class='ocrx_word' id='word_1_115' title='bbox 1099 2226 1226 2310; x_wconf 83' lang='lat' dir='ltr'>degere</span> <span class='ocrx_word' id='word_1_116' title='bbox 1242 2233 1433 2310; x_wconf 80' lang='lat' dir='ltr'>exoptaret3</span> 
     </span>
     <span class='ocr_line' id='line_1_18' title="bbox 201 2311 1435 2398; baseline -0.002 -18"><span class='ocrx_word' id='word_1_117' title='bbox 201 2335 265 2393; x_wconf 87' lang='lat' dir='ltr'>ac,</span> <span class='ocrx_word' id='word_1_118' title='bbox 279 2333 341 2380; x_wconf 87' lang='lat' dir='ltr'>seu</span> <span class='ocrx_word' id='word_1_119' title='bbox 358 2323 396 2378; x_wconf 93' lang='lat' dir='ltr'>ut</span> <span class='ocrx_word' id='word_1_120' title='bbox 411 2311 523 2378; x_wconf 87' lang='lat' dir='ltr'>victus</span> <span class='ocrx_word' id='word_1_121' title='bbox 539 2311 645 2378; x_wconf 89' lang='lat' dir='ltr'>nostri</span> <span class='ocrx_word' id='word_1_122' title='bbox 661 2312 875 2398; x_wconf 87' lang='lat' dir='ltr'>asperitatem</span> <span class='ocrx_word' id='word_1_123' title='bbox 893 2312 927 2380; x_wconf 92' lang='lat' dir='ltr'>ui</span> <span class='ocrx_word' id='word_1_124' title='bbox 943 2313 1155 2380; x_wconf 87' lang='lat' dir='ltr'>voluntariae</span> <span class='ocrx_word' id='word_1_125' title='bbox 1167 2311 1349 2398; x_wconf 88' lang='lat' dir='ltr'>patientiae</span> <span class='ocrx_word' id='word_1_126' title='bbox 1362 2333 1435 2378; x_wconf 87' lang='lat' dir='ltr'>ma-</span> 
     </span>
     <span class='ocr_line' id='line_1_19' title="bbox 205 2401 1438 2488; baseline -0.002 -21"><span class='ocrx_word' id='word_1_127' title='bbox 205 2401 331 2469; x_wconf 89' lang='lat' dir='ltr'>teriam</span> <span class='ocrx_word' id='word_1_128' title='bbox 348 2404 510 2482; x_wconf 89' lang='lat' dir='ltr'>traheret,</span> <span class='ocrx_word' id='word_1_129' title='bbox 527 2421 588 2466; x_wconf 89' lang='lat' dir='ltr'>seu</span> <span class='ocrx_word' id='word_1_130' title='bbox 604 2413 643 2466; x_wconf 90' lang='lat' dir='ltr'>ut</span> <span class='ocrx_word' id='word_1_131' title='bbox 659 2403 813 2488; x_wconf 86' lang='lat' dir='ltr'>exemplo</span> <span class='ocrx_word' id='word_1_132' title='bbox 829 2401 940 2468; x_wconf 91' lang='lat' dir='ltr'>socios</span> <span class='ocrx_word' id='word_1_133' title='bbox 959 2404 1189 2482; x_wconf 90' lang='lat' dir='ltr'>confirmaret,</span> <span class='ocrx_word' id='word_1_134' title='bbox 1208 2412 1280 2466; x_wconf 90' lang='lat' dir='ltr'>atro</span> <span class='ocrx_word' id='word_1_135' title='bbox 1298 2421 1386 2485; x_wconf 89' lang='lat' dir='ltr'>pane</span> <span class='ocrx_word' id='word_1_136' title='bbox 1402 2409 1438 2466; x_wconf 87' lang='lat' dir='ltr'>et</span> 
     </span>
     <span class='ocr_line' id='line_1_20' title="bbox 205 2489 1435 2576; baseline -0.001 -21"><span class='ocrx_word' id='word_1_137' title='bbox 205 2490 332 2570; x_wconf 90' lang='lat' dir='ltr'>veteri,</span> <span class='ocrx_word' id='word_1_138' title='bbox 351 2501 502 2574; x_wconf 92' lang='lat' dir='ltr'>potuque</span> <span class='ocrx_word' id='word_1_139' title='bbox 518 2489 740 2556; x_wconf 87' lang='lat' dir='ltr'>frumentario</span> <span class='ocrx_word' id='word_1_140' title='bbox 756 2490 806 2555; x_wconf 89' lang='lat' dir='ltr'>uti</span> <span class='ocrx_word' id='word_1_141' title='bbox 826 2492 930 2556; x_wconf 91' lang='lat' dir='ltr'>homo</span> <span class='ocrx_word' id='word_1_142' title='bbox 946 2490 1109 2576; x_wconf 88' lang='lat' dir='ltr'>hispanus</span> <span class='ocrx_word' id='word_1_143' title='bbox 1130 2489 1295 2570; x_wconf 89' lang='lat' dir='ltr'>instituit;</span> <span class='ocrx_word' id='word_1_144' title='bbox 1313 2509 1435 2554; x_wconf 88' lang='lat' dir='ltr'>verum</span> 
     </span>
     <span class='ocr_line' id='line_1_21' title="bbox 205 2577 1436 2665; baseline -0.002 -20"><span class='ocrx_word' id='word_1_145' title='bbox 205 2601 291 2645; x_wconf 85' lang='lat' dir='ltr'>curn</span> <span class='ocrx_word' id='word_1_146' title='bbox 305 2577 588 2645; x_wconf 86' lang='lat' dir='ltr'>animadverteret</span> <span class='ocrx_word' id='word_1_147' title='bbox 600 2588 711 2646; x_wconf 89' lang='lat' dir='ltr'>rector</span> <span class='ocrx_word' id='word_1_148' title='bbox 723 2577 796 2645; x_wconf 89' lang='lat' dir='ltr'>eius</span> <span class='ocrx_word' id='word_1_149' title='bbox 809 2578 971 2645; x_wconf 85' lang='lat' dir='ltr'>inusitata</span> <span class='ocrx_word' id='word_1_150' title='bbox 986 2583 1049 2645; x_wconf 92' lang='lat' dir='ltr'>hac</span> <span class='ocrx_word' id='word_1_151' title='bbox 1063 2578 1310 2665; x_wconf 88' lang='lat' dir='ltr'>peregrinaque</span> <span class='ocrx_word' id='word_1_152' title='bbox 1322 2577 1436 2643; x_wconf 90' lang='lat' dir='ltr'>diaeta</span> 
     </span>
     <span class='ocr_line' id='line_1_22' title="bbox 206 2665 1436 2754; baseline -0.002 -20"><span class='ocrx_word' id='word_1_153' title='bbox 206 2668 313 2734; x_wconf 88' lang='lat' dir='ltr'>atteri</span> <span class='ocrx_word' id='word_1_154' title='bbox 329 2666 431 2747; x_wconf 90' lang='lat' dir='ltr'>vires,</span> <span class='ocrx_word' id='word_1_155' title='bbox 449 2689 490 2734; x_wconf 88' lang='lat' dir='ltr'>ea</span> <span class='ocrx_word' id='word_1_156' title='bbox 506 2665 564 2746; x_wconf 92' lang='lat' dir='ltr'>illi,</span> <span class='ocrx_word' id='word_1_157' title='bbox 583 2667 626 2732; x_wconf 91' lang='lat' dir='ltr'>ad</span> <span class='ocrx_word' id='word_1_158' title='bbox 643 2666 749 2734; x_wconf 87' lang='lat' dir='ltr'>morbi</span> <span class='ocrx_word' id='word_1_159' title='bbox 766 2669 859 2753; x_wconf 91' lang='lat' dir='ltr'>quod</span> <span class='ocrx_word' id='word_1_160' title='bbox 874 2667 1072 2736; x_wconf 89' lang='lat' dir='ltr'>imminebat</span> <span class='ocrx_word' id='word_1_161' title='bbox 1092 2667 1282 2754; x_wconf 89' lang='lat' dir='ltr'>periculum</span> <span class='ocrx_word' id='word_1_162' title='bbox 1296 2666 1436 2752; x_wconf 89' lang='lat' dir='ltr'>propul-</span> 
     </span>
     <span class='ocr_line' id='line_1_23' title="bbox 209 2755 1436 2845; baseline -0.002 -23"><span class='ocrx_word' id='word_1_163' title='bbox 209 2757 371 2834; x_wconf 85' lang='lat' dir='ltr'>sandum,</span> <span class='ocrx_word' id='word_1_164' title='bbox 389 2755 573 2823; x_wconf 86' lang='lat' dir='ltr'>interdixit.</span> <span class='ocrx_word' id='word_1_165' title='bbox 594 2757 643 2822; x_wconf 89' lang='lat' dir='ltr'>Eo</span> <span class='ocrx_word' id='word_1_166' title='bbox 660 2767 850 2841; x_wconf 89' lang='lat' dir='ltr'>praesente,</span> <span class='ocrx_word' id='word_1_167' title='bbox 864 2767 961 2823; x_wconf 89' lang='lat' dir='ltr'>actus</span> <span class='ocrx_word' id='word_1_168' title='bbox 977 2757 1032 2824; x_wconf 94' lang='lat' dir='ltr'>hic</span> <span class='ocrx_word' id='word_1_169' title='bbox 1049 2756 1263 2845; x_wconf 90' lang='lat' dir='ltr'>provincialis</span> <span class='ocrx_word' id='word_1_170' title='bbox 1283 2775 1436 2822; x_wconf 88' lang='lat' dir='ltr'>conven-</span> 
     </span>
     <span class='ocr_line' id='line_1_24' title="bbox 210 2843 1437 2932; baseline 0 -22"><span class='ocrx_word' id='word_1_171' title='bbox 210 2856 282 2925; x_wconf 89' lang='lat' dir='ltr'>tus,</span> <span class='ocrx_word' id='word_1_172' title='bbox 301 2845 335 2910; x_wconf 95' lang='lat' dir='ltr'>in</span> <span class='ocrx_word' id='word_1_173' title='bbox 353 2866 421 2929; x_wconf 92' lang='lat' dir='ltr'>quo</span> <span class='ocrx_word' id='word_1_174' title='bbox 443 2847 482 2910; x_wconf 89' lang='lat' dir='ltr'>P.</span> <span class='ocrx_word' id='word_1_175' title='bbox 502 2843 752 2912; x_wconf 88' lang='lat' dir='ltr'>Maximilianus</span> <span class='ocrx_word' id='word_1_176' title='bbox 772 2847 912 2932; x_wconf 90' lang='lat' dir='ltr'>Capella</span> <span class='ocrx_word' id='word_1_177' title='bbox 932 2846 1128 2932; x_wconf 90' lang='lat' dir='ltr'>provinciae</span> <span class='ocrx_word' id='word_1_178' title='bbox 1151 2848 1255 2914; x_wconf 88' lang='lat' dir='ltr'>rebus</span> <span class='ocrx_word' id='word_1_179' title='bbox 1278 2843 1437 2912; x_wconf 87' lang='lat' dir='ltr'>curandis</span> 
     </span>
     <span class='ocr_line' id='line_1_25' title="bbox 210 2933 958 3019; baseline 0 -17"><span class='ocrx_word' id='word_1_180' title='bbox 210 2933 309 3002; x_wconf 90' lang='lat' dir='ltr'>Patri</span> <span class='ocrx_word' id='word_1_181' title='bbox 324 2933 476 3019; x_wconf 88' lang='lat' dir='ltr'>generali</span> <span class='ocrx_word' id='word_1_182' title='bbox 491 2933 703 3002; x_wconf 88' lang='lat' dir='ltr'>declarandis</span> <span class='ocrx_word' id='word_1_183' title='bbox 719 2945 772 3000; x_wconf 86' lang='lat' dir='ltr'>est</span> <span class='ocrx_word' id='word_1_184' title='bbox 787 2936 958 3003; x_wconf 88' lang='lat' dir='ltr'>electus...</span> 
     </span>
    </p>
   </div>
   <div class='ocr_carea' id='block_1_6' title="bbox 381 3131 1264 3320">
    <p class='ocr_par' dir='ltr' id='par_1_6' title="bbox 381 3131 1264 3320">
     <span class='ocr_line' id='line_1_26' title="bbox 777 3131 869 3196; baseline 0 0"><span class='ocrx_word' id='word_1_185' title='bbox 777 3131 869 3196; x_wconf 89' lang='lat' dir='ltr'>LXll</span> 
     </span>
     <span class='ocr_line' id='line_1_27' title="bbox 381 3258 1264 3320; baseline 0 -6"><span class='ocrx_word' id='word_1_186' title='bbox 381 3259 433 3314; x_wconf 88' lang='lat' dir='ltr'>EX</span> <span class='ocrx_word' id='word_1_187' title='bbox 452 3259 630 3316; x_wconf 84' lang='lat' dir='ltr'><strong>LITTERIS</strong></span> <span class='ocrx_word' id='word_1_188' title='bbox 650 3259 801 3317; x_wconf 87' lang='lat' dir='ltr'>ANNUIS</span> <span class='ocrx_word' id='word_1_189' title='bbox 820 3258 1007 3320; x_wconf 90' lang='lat' dir='ltr'>COLLEGII</span> <span class='ocrx_word' id='word_1_190' title='bbox 1028 3260 1264 3317; x_wconf 83' lang='lat' dir='ltr'>AUGUSTANI</span> 
     </span>
    </p>
   </div>
   <div class='ocr_carea' id='block_1_7' title="bbox 520 3385 1133 3590">
    <p class='ocr_par' dir='ltr' id='par_1_7' title="bbox 520 3385 1133 3590">
     <span class='ocr_line' id='line_1_28' title="bbox 699 3385 945 3469; baseline 0.008 -17"><span class='ocrx_word' id='word_1_191' title='bbox 699 3387 803 3453; x_wconf 86' lang='lat' dir='ltr'>Anno</span> <span class='ocrx_word' id='word_1_192' title='bbox 824 3387 906 3469; x_wconf 86' lang='lat'>1567</span> <span class='ocrx_word' id='word_1_193' title='bbox 919 3385 945 3454; x_wconf 85' lang='lat'>¹.</span> 
     </span>
     <span class='ocr_line' id='line_1_29' title="bbox 520 3517 1133 3590; baseline 0 -18"><span class='ocrx_word' id='word_1_194' title='bbox 520 3519 619 3573; x_wconf 85' lang='lat' dir='ltr'>Multa</span> <span class='ocrx_word' id='word_1_195' title='bbox 632 3537 651 3574; x_wconf 86' lang='lat' dir='ltr'>a</span> <span class='ocrx_word' id='word_1_196' title='bbox 665 3517 772 3572; x_wconf 81' lang='lat' dir='ltr'>Natali</span> <span class='ocrx_word' id='word_1_197' title='bbox 780 3519 949 3590; x_wconf 80' lang='lat' dir='ltr'>prudenter</span> <span class='ocrx_word' id='word_1_198' title='bbox 961 3518 1133 3574; x_wconf 81' lang='lat' dir='ltr'>constituta.</span> 
     </span>
    </p>
   </div>
   <div class='ocr_carea' id='block_1_8' title="bbox 212 3640 1433 3995">
    <p class='ocr_par' dir='ltr' id='par_1_8' title="bbox 212 3640 1433 3995">
     <span class='ocr_line' id='line_1_30' title="bbox 340 3640 1433 3728; baseline -0.003 -17.149"><span class='ocrx_word' id='word_1_199' title='bbox 340 3644 446 3712; x_wconf 78' lang='lat' dir='ltr'>Reus.</span> <span class='ocrx_word' id='word_1_200' title='bbox 466 3646 568 3712; x_wconf 90' lang='lat' dir='ltr'>Pater</span> <span class='ocrx_word' id='word_1_201' title='bbox 583 3643 736 3710; x_wconf 88' lang='lat' dir='ltr'>visitator</span> <span class='ocrx_word' id='word_1_202' title='bbox 752 3652 932 3728; x_wconf 86' lang='lat' dir='ltr'>antequam</span> <span class='ocrx_word' id='word_1_203' title='bbox 946 3643 1151 3711; x_wconf 90' lang='lat' dir='ltr'>Germaniae</span> <span class='ocrx_word' id='word_1_204' title='bbox 1171 3640 1339 3708; x_wconf 82' lang='lat' dir='ltr'>inferioris</span> <span class='ocrx_word' id='word_1_205' title='bbox 1354 3663 1433 3727; x_wconf 87' lang='lat' dir='ltr'>par-</span> 
     </span>
     <span class='ocr_line' id='line_1_31' title="bbox 213 3731 1433 3819; baseline -0.002 -19"><span class='ocrx_word' id='word_1_206' title='bbox 213 3743 267 3802; x_wconf 88' lang='lat' dir='ltr'>tes</span> <span class='ocrx_word' id='word_1_207' title='bbox 282 3743 424 3819; x_wconf 89' lang='lat' dir='ltr'>peteret,</span> <span class='ocrx_word' id='word_1_208' title='bbox 443 3734 549 3799; x_wconf 90' lang='lat' dir='ltr'>multa</span> <span class='ocrx_word' id='word_1_209' title='bbox 564 3755 625 3819; x_wconf 92' lang='lat' dir='ltr'>pro</span> <span class='ocrx_word' id='word_1_210' title='bbox 641 3754 703 3799; x_wconf 87' lang='lat' dir='ltr'>sua</span> <span class='ocrx_word' id='word_1_211' title='bbox 718 3732 897 3818; x_wconf 89' lang='lat' dir='ltr'>prudentia</span> <span class='ocrx_word' id='word_1_212' title='bbox 907 3731 1082 3800; x_wconf 88' lang='lat' dir='ltr'>constituit</span> <span class='ocrx_word' id='word_1_213' title='bbox 1099 3731 1194 3798; x_wconf 90' lang='lat' dir='ltr'>utilia</span> <span class='ocrx_word' id='word_1_214' title='bbox 1210 3732 1263 3798; x_wconf 91' lang='lat' dir='ltr'>vel</span> <span class='ocrx_word' id='word_1_215' title='bbox 1275 3751 1433 3798; x_wconf 88' lang='lat' dir='ltr'>necessa-</span> 
     </span>
     <span class='ocr_line' id='line_1_32' title="bbox 212 3819 1431 3908; baseline -0.003 -18"><span class='ocrx_word' id='word_1_216' title='bbox 212 3821 265 3890; x_wconf 88' lang='lat' dir='ltr'>ria</span> <span class='ocrx_word' id='word_1_217' title='bbox 288 3822 346 3887; x_wconf 91' lang='lat' dir='ltr'>hic</span> <span class='ocrx_word' id='word_1_218' title='bbox 369 3822 590 3908; x_wconf 73' lang='lat' dir='ltr'>degentibuS,</span> <span class='ocrx_word' id='word_1_219' title='bbox 613 3821 671 3906; x_wconf 92' lang='lat' dir='ltr'>qui</span> <span class='ocrx_word' id='word_1_220' title='bbox 691 3841 824 3907; x_wconf 88' lang='lat' dir='ltr'>semper</span> <span class='ocrx_word' id='word_1_221' title='bbox 848 3823 919 3891; x_wconf 85' lang='lat' dir='ltr'>lere</span> <span class='ocrx_word' id='word_1_222' title='bbox 941 3825 1006 3888; x_wconf 91' lang='lat' dir='ltr'>hoc</span> <span class='ocrx_word' id='word_1_223' title='bbox 1028 3843 1120 3888; x_wconf 89' lang='lat' dir='ltr'>anno</span> <span class='ocrx_word' id='word_1_224' title='bbox 1140 3830 1271 3906; x_wconf 90' lang='lat' dir='ltr'>septem</span> <span class='ocrx_word' id='word_1_225' title='bbox 1291 3819 1431 3899; x_wconf 86' lang='lat' dir='ltr'>fuimus,</span> 
     </span>
     <span class='ocr_line' id='line_1_33' title="bbox 212 3909 747 3995; baseline -0.006 -17"><span class='ocrx_word' id='word_1_226' title='bbox 212 3912 408 3979; x_wconf 87' lang='lat' dir='ltr'>sacerdotes</span> <span class='ocrx_word' id='word_1_227' title='bbox 426 3923 505 3991; x_wconf 85' lang='lat' dir='ltr'>tres,</span> <span class='ocrx_word' id='word_1_228' title='bbox 524 3909 644 3995; x_wconf 90' lang='lat' dir='ltr'>reliqui</span> <span class='ocrx_word' id='word_1_229' title='bbox 659 3909 747 3976; x_wconf 91' lang='lat' dir='ltr'>laici.</span> 
     </span>
    </p>
   </div>
   <div class='ocr_carea' id='block_1_9' title="bbox 211 4025 411 4036">
    <p class='ocr_par' dir='ltr' id='par_1_9' title="bbox 211 4025 411 4036">
     <span class='ocr_line' id='line_1_34' title="bbox 211 4025 411 4036; baseline -0.01 0"><span class='ocrx_word' id='word_1_230' title='bbox 211 4025 411 4036; x_wconf 78' lang='lat'>———</span> 
     </span>
    </p>
   </div>
   <div class='ocr_carea' id='block_1_10' title="bbox 204 4067 1432 4497">
    <p class='ocr_par' dir='ltr' id='par_1_10' title="bbox 204 4067 1432 4407">
     <span class='ocr_line' id='line_1_35' title="bbox 263 4067 1432 4142; baseline -0.003 -17"><span class='ocrx_word' id='word_1_231' title='bbox 263 4071 270 4102; x_wconf 86' lang='lat'>¹</span> <span class='ocrx_word' id='word_1_232' title='bbox 310 4071 354 4125; x_wconf 83' lang='lat' dir='ltr'>Ex</span> <span class='ocrx_word' id='word_1_233' title='bbox 366 4069 478 4142; x_wconf 88' lang='lat' dir='ltr'>codice,</span> <span class='ocrx_word' id='word_1_234' title='bbox 490 4069 538 4126; x_wconf 89' lang='lat' dir='ltr'>cui</span> <span class='ocrx_word' id='word_1_235' title='bbox 552 4069 665 4125; x_wconf 86' lang='lat' dir='ltr'>titulus:</span> <span class='ocrx_word' id='word_1_236' title='bbox 679 4067 819 4124; x_wconf 80' lang='lat' dir='ltr'>Historia</span> <span class='ocrx_word' id='word_1_237' title='bbox 831 4067 952 4142; x_wconf 81' lang='lat' dir='ltr'>collegii</span> <span class='ocrx_word' id='word_1_238' title='bbox 962 4067 1118 4124; x_wconf 75' lang='lat' dir='ltr'>societatis</span> <span class='ocrx_word' id='word_1_239' title='bbox 1121 4067 1197 4140; x_wconf 76' lang='lat' dir='ltr'>jesu</span> <span class='ocrx_word' id='word_1_240' title='bbox 1210 4067 1338 4123; x_wconf 80' lang='lat' dir='ltr'>Louanii</span> <span class='ocrx_word' id='word_1_241' title='bbox 1346 4079 1432 4136; x_wconf 78' lang='lat'><em>1542·</em></span> 
     </span>
     <span class='ocr_line' id='line_1_36' title="bbox 205 4155 1419 4228; baseline -0.002 -14"><span class='ocrx_word' id='word_1_242' title='bbox 205 4158 292 4228; x_wconf 87' lang='lat'>1695,</span> <span class='ocrx_word' id='word_1_243' title='bbox 306 4157 337 4214; x_wconf 92' lang='lat' dir='ltr'>in</span> <span class='ocrx_word' id='word_1_244' title='bbox 350 4157 505 4214; x_wconf 78' lang='lat' dir='ltr'>«Archivis</span> <span class='ocrx_word' id='word_1_245' title='bbox 517 4158 705 4228; x_wconf 85' lang='lat' dir='ltr'>generalibus</span> <span class='ocrx_word' id='word_1_246' title='bbox 718 4157 831 4228; x_wconf 80' lang='lat' dir='ltr'>regni»,</span> <span class='ocrx_word' id='word_1_247' title='bbox 844 4157 1001 4224; x_wconf 88' lang='lat' dir='ltr'>Bruxellis‚</span> <span class='ocrx_word' id='word_1_248' title='bbox 1015 4155 1065 4212; x_wconf 79' lang='lat' dir='ltr'>iol.</span> <span class='ocrx_word' id='word_1_249' title='bbox 1081 4169 1112 4212; x_wconf 90' lang='lat'>21</span> <span class='ocrx_word' id='word_1_250' title='bbox 1127 4175 1160 4212; x_wconf 88' lang='lat' dir='ltr'>v.</span> <span class='ocrx_word' id='word_1_251' title='bbox 1178 4158 1242 4212; x_wconf 91' lang='lat' dir='ltr'>Hoc</span> <span class='ocrx_word' id='word_1_252' title='bbox 1261 4172 1419 4212; x_wconf 85' lang='lat' dir='ltr'>monumen</span> 
     </span>
     <span class='ocr_line' id='line_1_37' title="bbox 204 4245 1431 4319; baseline 0.002 -18"><span class='ocrx_word' id='word_1_253' title='bbox 204 4251 269 4302; x_wconf 89' lang='lat' dir='ltr'>tum</span> <span class='ocrx_word' id='word_1_254' title='bbox 282 4247 367 4303; x_wconf 89' lang='lat' dir='ltr'>nobis</span> <span class='ocrx_word' id='word_1_255' title='bbox 381 4245 563 4319; x_wconf 83' lang='lat' dir='ltr'>transcripsit</span> <span class='ocrx_word' id='word_1_256' title='bbox 576 4246 633 4302; x_wconf 86' lang='lat' dir='ltr'>Ed.</span> <span class='ocrx_word' id='word_1_257' title='bbox 656 4245 770 4302; x_wconf 89' lang='lat' dir='ltr'>Laloire</span> <span class='ocrx_word' id='word_1_258' title='bbox 789 4263 826 4301; x_wconf 85' lang='lat' dir='ltr'>ex</span> <span class='ocrx_word' id='word_1_259' title='bbox 845 4245 947 4302; x_wconf 89' lang='lat' dir='ltr'>codice</span> <span class='ocrx_word' id='word_1_260' title='bbox 963 4245 1063 4302; x_wconf 87' lang='lat' dir='ltr'>citato.</span> <span class='ocrx_word' id='word_1_261' title='bbox 1083 4245 1159 4302; x_wconf 89' lang='lat' dir='ltr'>Vide</span> <span class='ocrx_word' id='word_1_262' title='bbox 1177 4245 1264 4319; x_wconf 85' lang='lat' dir='ltr'>epist.</span> <span class='ocrx_word' id='word_1_263' title='bbox 1284 4257 1348 4315; x_wconf 77' lang='lat'>5103</span> <span class='ocrx_word' id='word_1_264' title='bbox 1367 4256 1431 4314; x_wconf 77' lang='lat'>512:</span> 
     </span>
     <span class='ocr_line' id='line_1_38' title="bbox 206 4334 391 4407; baseline 0 -16"><span class='ocrx_word' id='word_1_265' title='bbox 206 4334 271 4407; x_wconf 81' lang='lat'><strong>513;</strong></span> <span class='ocrx_word' id='word_1_266' title='bbox 285 4345 315 4392; x_wconf 89' lang='lat' dir='ltr'>et</span> <span class='ocrx_word' id='word_1_267' title='bbox 329 4335 391 4406; x_wconf 87' lang='lat'>518.</span> 
     </span>
    </p>

    <p class='ocr_par' dir='ltr' id='par_1_11' title="bbox 260 4421 727 4497">
     <span class='ocr_line' id='line_1_39' title="bbox 260 4421 727 4497; baseline -0.009 -16"><span class='ocrx_word' id='word_1_268' title='bbox 260 4429 272 4460; x_wconf 83' lang='lat'>²</span> <span class='ocrx_word' id='word_1_269' title='bbox 309 4425 353 4480; x_wconf 86' lang='lat' dir='ltr'>Ex</span> <span class='ocrx_word' id='word_1_270' title='bbox 369 4423 442 4480; x_wconf 85' lang='lat' dir='ltr'>God.</span> <span class='ocrx_word' id='word_1_271' title='bbox 461 4439 500 4492; x_wconf 82' lang='lat'>29</span> <span class='ocrx_word' id='word_1_272' title='bbox 510 4423 558 4497; x_wconf 84' lang='lat' dir='ltr'>g),</span> <span class='ocrx_word' id='word_1_273' title='bbox 575 4421 626 4478; x_wconf 84' lang='lat'>266</span> <span class='ocrx_word' id='word_1_274' title='bbox 641 4421 727 4494; x_wconf 75' lang='lat'>(436).</span> 
     </span>
    </p>
   </div>
   <div class='ocr_carea' id='block_1_11' title="bbox 0 0 1762 5386">
    <p class='ocr_par' dir='ltr' id='par_1_12' title="bbox 0 0 1762 5386">
     <span class='ocr_line' id='line_1_40' title="bbox 0 0 1762 5386; baseline 0 0"><span class='ocrx_word' id='word_1_275' title='bbox 0 0 1762 5386; x_wconf 95' lang='lat' dir='ltr'> </span> 
     </span>
    </p>
   </div>
  </div>
 </body>
</html>
