3494 5392
529 491 721 548 Pnoomrrurr
740 503 846 547 ruam
866 501 1036 548 vorunnus
1330 497 1362 538 xr

172 665 234 729 que
247 664 374 730 apenas
390 649 561 712 tenlamos
579 644 705 732 tiempo
726 666 809 731 para
829 664 945 711 comer
966 665 989 730 y
1009 640 1179 709 dormit...
1209 639 1250 706 El
1267 639 1307 704 P.
1328 637 1397 704 Ca-

174 767 254 836 nisio
268 767 573 838 admirablemente
589 770 702 855 ayudo
718 790 785 836 con
808 792 868 836 sus
883 766 1040 856 predicas
1062 788 1106 834 en
1122 765 1155 832 la
1175 783 1356 852 quaresma
1374 782 1398 846 y

175 892 454 960 conuersaciones
466 915 533 960 con
550 895 722 962 tudescos:
742 893 867 960 fuimos
883 893 916 961 el
926 914 949 979 y
960 897 1038 978 yoa
1061 889 1178 958 visitar
1202 890 1253 955 los
1268 885 1396 974 princi-

173 1039 228 1104 pes
242 1016 509 1100 ecclesiasticos
528 1041 549 1104 y
567 1041 606 1088 se
625 1017 703 1086 hizo
719 1020 844 1099 fructo,
862 1020 951 1086 vltra
973 1019 1016 1085 de
1036 1018 1070 1084 lo
1091 1037 1158 1102 que
1178 1015 1291 1101 ayudo
1319 1031 1394 1077 mu-

171 1145 293 1210 choen
315 1144 370 1210 los
396 1143 575 1230 negocios.
610 1145 650 1210 El
676 1145 717 1210 P.
744 1145 913 1213 Ledcsma
929 1143 1145 1229 juntamente
1177 1140 1291 1226 ayudo
1318 1159 1395 1202 mu-

169 1269 281 1336 cho...»
301 1265 408 1353 (180).
428 1267 472 1332 Et
483 1269 569 1334 haec
584 1269 627 1334 de
639 1278 813 1337 conventu
829 1277 1037 1354 augustano

224 1391 314 1458 Cum
331 1399 451 1458 autem
467 1401 587 1477 postea
602 1390 782 1459 cardinalis
798 1390 1052 1458 Granvellanus
1064 1389 1223 1456 rescisset
1234 1385 1395 1454 comitem

164 1515 348 1602 palatinum
365 1537 445 1583 cum
463 1517 644 1584 Theodoro
661 1515 765 1597 Beza,
784 1515 995 1582 calvinianae
1012 1513 1163 1582 haeresis
1186 1514 1288 1595 duce,
1310 1532 1394 1578 con-

166 1638 375 1706 venticulum
391 1639 564 1724 quoddam
580 1639 758 1706 Erfordiae
774 1660 901 1726 cogere
917 1637 1085 1720 meditari,
1103 1638 1138 1704 id
1153 1636 1321 1724 impedire
1332 1656 1395 1703 vo-

166 1763 244 1845 lens,
262 1765 307 1830 ad
325 1764 490 1850 Borgiam
507 1762 679 1852 confugit,
697 1763 756 1850 qui
768 1785 829 1850 per
841 1763 997 1832 Natalem
1011 1772 1046 1831 et
1057 1760 1234 1830 Canisium
1246 1758 1394 1828 haereti-

167 1909 276 1955 corum
291 1898 444 1956 conatus
457 1889 612 1956 frustrari
628 1887 756 1976 satagit
771 1891 947 1975 (232-234,
963 1905 1040 1973 273,
1060 1903 1138 1970 274,
1152 1887 1240 1972 286).
1256 1884 1321 1953 His
1331 1905 1394 1970 pro

166 2013 326 2100 religione
354 2011 530 2080 laboribus
557 2014 649 2081 haud
665 2023 849 2080 contentus
868 2023 1009 2080 sanctus
1025 2014 1053 2078 F
1055 2010 1230 2079 ranciscus
1251 2007 1391 2096 Borgia‚

165 2159 282 2224 magno
293 2137 454 2206 subsidio
465 2138 652 2206 catholicae
663 2137 755 2220 fidei,
768 2147 842 2206 turn
849 2137 939 2206 inter
945 2136 1137 2206 haereticos
1150 2136 1310 2219 tuendae,
1319 2146 1392 2202 tum

165 2262 201 2326 ad
214 2284 376 2350 paganos
391 2263 648 2350 propagandae,
665 2265 821 2330 futurum
840 2262 1061 2344 existimavit,
1080 2262 1109 2329 si
1128 2282 1284 2328 summus
1305 2281 1393 2347 pon·

165 2383 238 2451 tifex
252 2385 566 2473 congregationem
582 2386 805 2454 cardinalium
821 2385 1028 2470 institueret,
1050 2407 1198 2474 quorum
1218 2384 1342 2452 studiis
1358 2395 1393 2451 et

166 2509 335 2576 laboribus
352 2509 387 2576 in
404 2533 512 2576 unum
525 2509 812 2597 conspirantibus,
826 2510 946 2596 majori
958 2510 994 2576 in
1005 2510 1079 2608 dies
1091 2509 1266 2577 alacritate
1277 2509 1393 2576 lumen

167 2633 314 2701 veritatis
330 2634 368 2700 in
389 2634 550 2722 regiones
570 2636 682 2702 adhuc
710 2635 861 2702 tenebris
883 2647 919 2704 et
935 2636 1057 2702 umbra
1083 2633 1202 2701 mortis
1222 2631 1395 2700 involutas

166 2755 395 2825 inveheretur.
413 2759 489 2827 Nec
504 2780 600 2845 spem
614 2759 734 2828 fefellit
750 2771 908 2844 eventus,
926 2743 1006 2827 nam
1018 2757 1166 2846 Borgiae
1182 2755 1394 2844 propositum

167 2892 299 2949 anetus
317 2882 403 2949 Pius
415 2885 447 2951 V
463 2883 630 2950 ambabus
642 2883 732 2951 ulnis
744 2884 970 2970 amplexatus,
984 2881 1060 2950 illas
1071 2881 1295 2950 cardinalium
1307 2902 1395 2948 con-

169 3007 391 3093 gregationes
417 3005 582 3089 instituit,
617 3029 706 3093 quae
732 3008 941 3076 incunabula
970 3007 1222 3092 quodammodo
1255 3008 1395 3072 fuerunt

169 3127 253 3197 illius
269 3129 437 3218 egregiae
452 3131 732 3218 congregationis
743 3133 787 3202 de
802 3133 1024 3220 propaganda
1043 3132 1125 3213 fide,
1147 3153 1250 3216 quam
1271 3129 1395 3198 deinde

168 3253 357 3342 Gregorius
374 3257 440 3324 XV
455 3255 590 3342 plenius
606 3278 646 3324 ae
662 3257 850 3344 perfectius
865 3255 1013 3325 instituit
1029 3258 1119 3345 (625,
1136 3255 1225 3342 626).

227 3639 316 3698 Ν
339 3631 515 3699 Sodatatio
538 3635 760 3714 incrementa,
776 3639 807 3700 et
829 3635 1173 3720 opera-Quantum
1193 3653 1276 3701 vero
1303 3633 1393 3699 Ger-

166 3755 289 3836 mania,
308 3755 480 3836 Flandria,
502 3757 628 3839 Gallia,
648 3756 802 3839 Polonia‚
820 3757 968 3827 debeant
989 3757 1151 3827 Societati
1167 3760 1265 3847 Jesu,
1283 3777 1394 3842 quan-

167 3889 235 3946 tum
250 3879 329 3966 ejus
348 3879 543 3968 praeposito
563 3881 746 3950 Francisco
767 3881 926 3969 Borgiae,
945 3894 1113 3970 quantum
1134 3881 1270 3968 utrique
1288 3879 1393 3949 Cani-

163 3999 221 4084 sio,
239 4003 370 4088 Natali,
384 4005 547 4088 Polanco,
561 4005 725 4074 cardinali
737 4006 861 4075 Ottoni
873 4008 917 4076 de
930 4009 1132 4090 Truchsess,
1147 4006 1290 4093 aliisque
1302 4006 1393 4072 illius

164 4125 281 4194 aetatis
296 4128 492 4197 clarissimis
507 4129 606 4213 viris,
625 4131 767 4200 mirifice
786 4131 824 4198 in
844 4132 898 4200 his
919 4131 1073 4220 epistolis
1088 4132 1311 4220 conspicitur;
1330 4133 1393 4200 sed

162 4269 237 4318 cum
251 4251 462 4339 impossibile
477 4253 522 4322 sit
537 4255 573 4322 in
588 4259 655 4323 hae
671 4255 883 4342 praefatione
899 4267 1027 4340 cuncta
1043 4257 1215 4344 persequi,
1238 4257 1392 4326 breviter

167 4375 400 4446 annotabimus
415 4379 592 4461 nonnulla,
606 4400 695 4465 quae
711 4379 746 4447 in
763 4382 831 4448 hoc
847 4381 1021 4452 volumine
1037 4382 1270 4452 continentur.

230 4500 345 4588 thue
358 4523 402 4570 ex
419 4505 563 4573 Bonam
577 4503 713 4572 initium
729 4505 907 4588 faciamus
926 4528 969 4575 en
994 4507 1119 4592 quibus
1134 4506 1208 4594 ipse
1229 4506 1393 4574 suavissi-

173 4623 234 4692 mis
245 4627 367 4710 verbis,
375 4627 502 4698 amoris
516 4651 601 4718 erga
607 4631 829 4700 Germaniam
842 4655 941 4701 sensa
954 4633 1068 4702 Natali
1080 4631 1201 4722 aperit:
1214 4661 1274 4701 a...
1288 4635 1391 4720 Sepa,
