3482 5386
435 484 487 556 798
867 484 971 538 Errsr.
993 481 1026 541 P.
1046 483 1159 539 Nauna

398 637 453 706 del
469 640 511 706 R.
530 639 570 705 P.
589 637 711 716 Nadal,
725 636 759 702 lo
775 635 875 720 quale
890 635 1007 702 alhora
1019 655 1097 700 cum
1114 633 1139 700 li
1150 636 1333 724 compagni
1344 658 1402 706 era
1419 639 1555 705 andato
1565 639 1627 704 alla

399 727 555 805 fontana,
577 725 610 792 la
631 727 733 810 quale
752 733 805 792 sta
823 722 951 790 incirca
973 722 1008 789 di
1028 745 1095 790 vna
1115 726 1202 790 hora
1225 725 1260 790 di
1283 725 1419 793 camino
1450 728 1554 794 iuora
1574 728 1626 794 del

398 837 501 902 pago.
521 817 614 881 Poco
629 813 721 899 dipoi
738 813 836 879 torno
850 833 870 879 a
886 833 967 880 casa
981 811 1004 879 il
1021 814 1062 879 R.
1083 814 1122 879 P.
1142 814 1252 880 Nadal
1268 825 1302 882 et
1318 815 1529 901 compagni,
1547 815 1624 884 etei

399 902 607 972 riceuessino
622 924 686 969 con
704 902 808 969 molta
830 900 971 968 charita.
988 899 1088 968 Diedi
1109 901 1266 988 raggioni
1289 917 1418 987 quanto
1439 915 1571 988 poteua
1590 905 1623 970 di

399 994 514 1078 quello
536 994 600 1059 che
619 1012 678 1058 era
698 1002 845 1076 passato,
864 1011 933 1056 non
952 998 1047 1056 tanto
1069 990 1104 1055 di
1128 990 1240 1074 quello
1259 991 1347 1060 delle
1369 992 1569 1058 fundationi
1591 993 1622 1056 di

399 1080 576 1167 Herbipoh
593 1091 628 1148 et
643 1078 759 1164 Spira,
778 1100 833 1144 ma
847 1078 936 1145 delle
955 1077 1167 1163 dispositioni
1189 1079 1269 1147 delli
1290 1079 1430 1167 collegii
1450 1081 1489 1146 di
1511 1080 1619 1166 Spira,

399 1169 579 1256 Moguntia
595 1179 629 1235 et
645 1169 807 1246 Treuere,
825 1177 860 1234 et
875 1166 1020 1233 volendo
1036 1177 1156 1234 trattar
1167 1169 1311 1234 alchune
1323 1189 1402 1235 cose
1418 1169 1457 1234 in
1476 1169 1620 1254 partico-

397 1260 481 1338 lare,
573 1257 620 1323 mi
635 1255 710 1322 dice
726 1259 790 1324 che
805 1275 874 1322 non
889 1257 1024 1321 haueua
1039 1253 1098 1341 piu
1114 1255 1149 1322 di
1164 1256 1380 1337 determinat,
1402 1269 1441 1324 et
1466 1261 1534 1328 che
1555 1280 1619 1325 non

399 1367 459 1414 era
473 1346 532 1433 piu
549 1345 616 1412 mio
631 1343 796 1430 superior,
816 1365 875 1430 per
890 1353 980 1411 stare
995 1343 1093 1410 suora
1108 1345 1195 1412 della
1215 1345 1385 1430 prouintia
1405 1347 1466 1415 del
1490 1349 1617 1426 Rheno,

401 1437 524 1522 perche
540 1435 596 1502 nel
611 1433 722 1500 officio
738 1432 793 1500 dei
808 1431 982 1498 visitatore
996 1434 1131 1501 haueua
1153 1445 1250 1518 posto
1265 1436 1307 1501 V.
1329 1437 1369 1502 P.
1387 1455 1491 1502 come
1506 1435 1529 1502 il
1546 1435 1619 1502 visi-

401 1535 524 1605 tatore,
548 1525 705 1590 hauendo
726 1521 862 1588 visitato
882 1521 915 1586 16
934 1519 1116 1606 prouintia,
1139 1543 1207 1600 non
1228 1522 1257 1589 si
1280 1522 1478 1610 impaciaria
1506 1525 1563 1610 piri
1588 1524 1619 1588 in

399 1614 525 1698 quella3
543 1614 574 1679 le
591 1611 683 1696 quali
699 1612 818 1678 lettere
831 1608 876 1675 mi
888 1615 1051 1689 monstro,
1066 1612 1197 1677 benche
1214 1611 1246 1678 io
1261 1633 1322 1697 per
1334 1614 1578 1680 commissione
1587 1613 1616 1678 di

400 1705 471 1772 Sua
497 1703 539 1769 R.
570 1701 626 1787 gia
652 1700 689 1765 in
713 1698 811 1784 Spira
833 1700 857 1765 l'
882 1701 1016 1764 haueua
1040 1698 1138 1765 visto,
1169 1702 1212 1766 Et
1239 1701 1435 1786 replicando
1464 1702 1498 1767 io
1524 1723 1616 1768 corne

400 1792 432 1858 la
448 1793 488 1857 R.
510 1794 550 1859 P.
569 1793 628 1871 V.,
647 1799 774 1874 quanto
791 1788 856 1854 6116
870 1807 1015 1874 persona
1030 1809 1105 1868 sua,
1119 1808 1177 1855 era
1187 1800 1346 1855 contento
1359 1793 1425 1858 che
1437 1791 1529 1858 nelle
1544 1811 1617 1876 pro

401 1879 513 1946 uincie
528 1879 639 1944 vicine
655 1880 803 1944 anchora
815 1878 961 1944 hauesse
972 1875 1007 1941 di
1024 1877 1093 1943 fare
1109 1885 1143 1943 et
1160 1878 1328 1964 adgiurar,
1342 1879 1419 1945 dice
1436 1881 1503 1947 che
1517 1881 1613 1964 perla

399 1989 544 2054 persona
559 1989 621 2034 sua
637 1988 705 2033 non
721 1966 843 2031 voleua
859 1966 925 2032 che
940 1964 969 2031 si
985 1974 1137 2050 partesse
1153 1966 1240 2034 dalle
1256 1968 1372 2053 regola
1388 1967 1570 2048 ordinarie,
1582 1978 1613 2032 61

396 2059 465 2126 che
481 2079 550 2122 non
565 2058 688 2122 voleua
702 2066 824 2138 questo
840 2053 1030 2138 priuilegio
1051 2055 1084 2120 A
1099 2075 1154 2122 me
1165 2075 1292 2139 pareua
1304 2058 1369 2124 che
1383 2079 1444 2124 era
1459 2057 1610 2139 alquanto

399 2156 541 2227 tentato,
560 2155 593 2212 et
608 2144 642 2210 io
659 2144 714 2209 del
730 2144 815 2208 altra
831 2143 942 2210 banda
958 2142 1064 2208 molto
1080 2141 1150 2227 piu,
1164 2144 1321 2211 hauendo
1336 2145 1424 2210 fatto
1440 2144 1522 2232 ogni
1536 2166 1611 2229 sup-

316 2302 318 2307 ,
398 2247 498 2320 posto
515 2235 581 2300 che
596 2232 620 2298 11
635 2235 676 2299 R.
698 2236 737 2299 P.
756 2232 864 2299 Nadal
880 2234 1016 2299 haueua
1038 2229 1073 2296 di
1096 2231 1277 2316 disponere
1298 2231 1332 2298 di
1355 2235 1441 2319 ogni
1464 2253 1541 2300 cosa
1560 2233 1609 2300 del

399 2323 544 2409 'collegio
561 2321 811 2405 herbipolense,
825 2319 985 2404 designat
996 2319 1020 2384 il
1031 2329 1157 2386 rettore
1169 2331 1203 2386 61
1215 2321 1299 2387 altre
1310 2342 1468 2406 persone,
1483 2335 1516 2388 et
1530 2322 1609 2388 dalle

399 2412 542 2492 lettioni,
561 2413 592 2478 16
608 2409 699 2495 quali
721 2408 914 2476 hauessimo
938 2407 973 2473 di
995 2409 1122 2494 legere,
1140 2420 1175 2475 et
1196 2430 1258 2505 per
1280 2423 1400 2493 questa
1424 2431 1527 2477 causa
1548 2431 1607 2476 non

398 2503 533 2568 haueua
548 2499 581 2564 io
597 2499 715 2565 scritto
730 2498 844 2564 niente
856 2499 921 2562 alla
935 2498 975 2563 R.
996 2499 1036 2563 P.
1052 2499 1095 2564 V.
1111 2497 1139 2563 si
1155 2518 1224 2564 non
1238 2519 1297 2582 per
1311 2499 1334 2563 il
1346 2500 1567 2584 predicatore,
1579 2499 1606 2562 10

400 2591 499 2673 quale
512 2609 638 2675 pareua
650 2609 717 2652 non
730 2586 758 2651 si
771 2596 893 2672 poteua
906 2594 1021 2653 trouar
1032 2585 1068 2651 in
1080 2597 1200 2669 questa
1213 2585 1391 2672 prouintia,
1400 2590 1447 2654 ne
1460 2589 1494 2652 in
1508 2587 1606 2672 quella

399 2679 487 2746 della
500 2676 653 2761 superior
663 2674 855 2761 Almagnia.
870 2673 907 2742 Si
919 2673 1058 2740 offeriua
1070 2695 1134 2759 pur
1145 2686 1322 2760 preparato
1334 2676 1369 2741 in
1380 2677 1490 2744 darmi
1503 2679 1605 2742 buono

397 2766 583 2852 conseglio,
602 2765 635 2830 10
652 2767 731 2848 qual
746 2763 918 2849 conseglio
934 2763 969 2828 io
983 2765 1029 2828 ho
1045 2761 1187 2848 pigiiato
1203 2784 1300 2831 come
1315 2765 1435 2832 ordine
1450 2766 1485 2830 di
1499 2767 1604 2831 obser·

397 2877 469 2934 uar,
486 2865 612 2938 quanto
629 2857 704 2919 sara
719 2851 914 2938 possibile...
934 2851 995 2916 Poi
1011 2851 1215 2918 hauendomi
1232 2863 1330 2937 posto
1346 2854 1369 2919 il
1385 2857 1428 2921 R.
1451 2859 1489 2921 P.
1507 2853 1603 2920 Nadal

395 2943 430 3009 in
447 2942 632 3020 1616611160,
652 2952 685 3007 61
703 2963 773 3006 11011
789 2942 974 3030 solamente
990 2961 1057 3006 non
1074 2941 1329 3027 adgiutandomi
1345 2943 1378 3008 di
1395 2946 1483 3012 altre
1497 2963 1601 3028 perso·

395 3054 449 3112 ne,
468 3053 523 3098 ma
539 3032 688 3097 anchora
702 3029 894 3096 leuandomi
910 3050 930 3094 o
946 3028 1160 3114 impediendo
1172 3032 1238 3096 6116
1253 3053 1322 3096 non
1334 3033 1379 3098 rni
1392 3045 1526 3116 potesse
1537 3051 1598 3096 ser-

395 3121 448 3187 611
463 3121 543 3188 delii
559 3119 723 3204 subgietti
740 3119 827 3186 della
847 3117 1033 3202 prouintia,
1051 3118 1098 3184 mi
1114 3140 1239 3204 pareua
1262 3123 1366 3186 molto
1388 3122 1488 3188 sorte.
1514 3121 1553 3184 Et
1572 3117 1600 3181 in

394 3232 488 3290 ver0,
508 3211 630 3286 Padre,
649 3207 695 3272 mi
718 3210 761 3272 ha
784 3217 916 3272 costato
938 3228 1007 3272 non
1031 3210 1139 3292 poche
1162 3207 1338 3288 lachrime,
1356 3207 1557 3276 attendendo
1575 3207 1601 3269 16

393 3299 461 3364 11116
477 3297 657 3378 necessita,
676 3296 705 3363 si
722 3295 824 3363 etiarn
839 3293 895 3380 poi
912 3295 1034 3380 perche
1057 3298 1094 3361 fu
1111 3317 1214 3362 causa
1237 3300 1301 3364 che
1322 3297 1345 3362 11
1360 3300 1432 3363 bon
1450 3300 1489 3364 P.
1507 3293 1601 3362 Nadal

392 3387 421 3454 si
438 3389 607 3466 turbasse,
627 3397 660 3454 et
676 3385 709 3451 io
725 3387 874 3450 anchora
890 3382 934 3448 mi
951 3386 1177 3468 persuadeua,
1195 3405 1291 3452 corne
1307 3385 1330 3450 il
1346 3397 1462 3472 tempo
1481 3385 1533 3471 gizi
1554 3403 1601 3448 era

391 3487 528 3561 passato
542 3486 647 3554 tanto,
667 3475 786 3559 poiche
798 3476 932 3540 haueua
944 3472 978 3538 di
991 3473 1170 3558 Herbipoli
1183 3476 1341 3540 mandato
1352 3476 1376 3540 i'
1389 3474 1600 3541 instrumento

393 3567 483 3634 deila
495 3563 705 3642 fundatione,
720 3573 754 3630 et
768 3563 813 3628 tal
825 3583 922 3629 come
934 3583 1082 3647 pensaua
1095 3563 1159 3630 che
1171 3584 1239 3629 non
1253 3563 1339 3629 saria
1351 3564 1458 3630 dubio
1474 3565 1508 3628 d’
1520 3579 1601 3628 esser

392 3663 559 3720 accettata
575 3654 663 3718 della
676 3655 716 3718 Ρ.
731 3653 775 3718 V.
792 3671 849 3734 per
863 3670 956 3718 esser
968 3650 1159 3717 accontiato
1174 3672 1272 3718 come
1285 3653 1328 3718 V.
1344 3655 1384 3719 P.
1399 3653 1596 3724 desideraua,

390 3753 426 3808 et
442 3745 506 3810 che
524 3741 576 3826 poi
593 3741 621 3807 si
637 3745 771 3807 haueua
787 3738 821 3804 di
837 3749 959 3805 metter
975 3749 1070 3805 tanto
1085 3749 1199 3826 tempo
1215 3751 1249 3808 et
1265 3763 1364 3827 spese
1379 3763 1441 3828 per
1454 3743 1502 3808 far
1513 3735 1597 3804 venir

390 3852 459 3896 vno
473 3831 507 3896 di
525 3833 643 3898 Roma.
664 3833 733 3894 Pur
748 3828 783 3893 in
799 3827 868 3896 fine
884 3828 906 3892 11
922 3829 1008 3895 Rdo.
1028 3831 1066 3894 P.
1080 3831 1189 3896 Nadal
1204 3830 1249 3894 mi
1265 3832 1387 3899 offerse
1402 3830 1426 3897 il
1444 3824 1594 3898 Massini-

391 3919 493 4001 liano,
517 3920 644 4004 perche
665 3941 734 3984 non
751 3938 877 4002 pareua
900 3919 964 3982 che
986 3915 1010 3982 il
1032 3918 1146 3983 dottor
1168 3917 1331 4002 Henrico,
1348 3919 1507 3990 hauendo
1521 3918 1594 3982 16110

388 4010 470 4094 quel
487 4008 594 4074 frutto
611 4007 646 4072 in
664 4004 875 4086 Maestricht,
895 4004 925 4070 si
938 4004 1083 4088 leuasse,
1102 4016 1166 4074 etc.
