3494 5392
333 973 590 1058 EPISTOLAE
615 974 810 1060 NATALIS
835 977 898 1059 ET
923 978 983 1060 Ab
1010 977 1226 1062 NATALEM

705 1137 865 1150 *ι-

734 1267 829 1330 85⁰

520 1391 552 1448 S.
572 1391 823 1451 FRANCISCUS
842 1395 897 1450 DE
914 1391 1043 1466 BORJA

409 1511 571 1578 PATRI
605 1511 928 1579 HIERONYMO
963 1511 1147 1581 NADAL

541 1639 890 1714 nominatorum
911 1641 981 1713 1566
1000 1645 1021 1700 ¹.

632 1755 768 1814 Litterae
776 1761 929 1830 patentes.

228 1875 435 1944 Franciscus
453 1875 498 1942 de
517 1873 657 1962 Borgia‚
675 1873 858 1944 societatis
874 1877 961 1964 Jesu
982 1876 1197 1963 praepositus
1208 1878 1391 1964 generalis,

166 1991 362 2059 charissimo
377 1991 415 2057 in
431 1992 521 2077 Xpo.
539 1989 664 2069 Fratri,
683 2009 800 2058 sacrae
816 1989 1009 2078 theologiae
1024 1989 1168 2072 doctori,
1183 1993 1394 2080 Hieronymo

163 2107 286 2187 Natali,
306 2108 454 2174 salutern
472 2104 507 2171 in
523 2126 578 2188 eo,
596 2103 655 2191 qui
670 2113 724 2172 est
739 2126 823 2174 uera
842 2104 950 2172 salus.
977 2105 1066 2174 Cum
1088 2105 1293 2176 uisitationis
1314 2130 1393 2174 mu-

159 2245 224 2290 nus
238 2222 286 2289 ad
295 2223 495 2312 projectum
517 2226 548 2286 et
566 2220 689 2286 bonam
706 2221 994 2308 gubernationem
1016 2230 1033 2264 ⁸
1052 2232 1190 2290 nostrae
1210 2222 1393 2292 societatis

158 2337 403 2418 neceesarium,
421 2357 483 2424 per
498 2357 562 2402 nos
578 2338 670 2423 ipsos
685 2335 781 2404 obire
797 2336 833 2402 in
848 2335 1055 2404 Germaniae
1070 2336 1267 2424 superioriS,
1286 2349 1321 2408 et
1336 2339 1391 2405 in-

157 2452 303 2536 serioris,
321 2451 498 2532 Austriae‚
516 2462 551 2521 et
568 2449 680 2518 Rheni
695 2449 894 2537 prouinciis,
913 2471 982 2517 non
994 2451 1175 2538 possimus,
1187 2475 1335 2539 cumque
1347 2456 1390 2524 de

157 2581 216 2638 tua
230 2567 445 2654 integritate,
463 2566 633 2647 doctrina,
656 2564 837 2652 prudentia
858 2575 893 2632 et
913 2565 1022 2634 nostri
1042 2565 1190 2635 instituti
1209 2569 1311 2655 plena
1331 2591 1391 2636 co-

157 2684 313 2772 gnitione
328 2683 477 2749 multum
492 2680 529 2747 in
544 2679 693 2748 Domino
709 2679 934 2760 confidamno,
951 2691 986 2748 te
1000 2681 1097 2747 nobie
1112 2683 1155 2748 ad
1178 2683 1390 2769 praedictum

156 2821 283 2866 munus
298 2796 572 2864 substituendum
588 2815 659 2862 esse
673 2795 839 2861 duximus
858 2795 875 2838 b
893 2795 919 2861 ’.
938 2796 976 2861 In
993 2794 1176 2881 praedictis
1196 2819 1281 2884 ergo
1302 2820 1388 2885 qua-

156 2927 233 2984 tuor
244 2912 440 3002 prouintiiS‚
455 2922 489 2981 te
501 2911 714 2979 uisitatorem
726 2932 807 2978 cum
821 2909 914 2978 omni
926 2933 968 2979 ea
979 2911 1196 2995 auctoritate,
1209 2934 1312 2998 quam
1325 2937 1388 2980 nos

156 3036 193 3098 in
215 3031 419 3117 praesentio
437 3028 592 3096 habituri
611 3047 766 3096 essemus
785 3036 811 3108 ⁰,
833 3039 901 3093 tam
925 3025 961 3093 in
986 3025 1079 3114 ipsos
1099 3028 1329 3114 prouinciales
1352 3041 1387 3098 et

203 3256 221 3290 ⁸
243 3243 332 3300 Prius
347 3244 390 3299 ita
406 3243 549 3315 scriptum
566 3239 671 3296 fixerat:
692 3237 770 3296 Cum
787 3241 974 3296 visitationis
986 3259 1109 3306 munus,
1123 3259 1144 3298 a
1159 3245 1303 3316 generali
1318 3262 1384 3300 con-

147 3339 330 3418 gregatione
353 3341 608 3403 commendatum,
634 3343 663 3395 et
686 3337 805 3408 alioqui
825 3340 868 3394 ad
888 3343 1009 3396 nostrae
1032 3339 1190 3396 Societatis
1210 3341 1384 3414 profectum

147 3437 293 3507 prom
304 3427 341 3502 [ἓ]
354 3430 446 3484 aatde
458 3428 661 3485 massarium
670 3431 729 3502 per
741 3443 789 3482 me
801 3427 938 3499 ipsum...

201 3522 218 3564 b
240 3520 322 3575 Loco
332 3525 400 3574 octo
409 3519 568 3572 verborum
577 3514 818 3588 praecedentium
828 3516 900 3572 haec
910 3515 991 3588 prius
1000 3516 1195 3573 habebantur:
1207 3521 1235 3573 te
1247 3520 1289 3574 ad
1295 3523 1384 3591 prae·

152 3611 264 3666 tinum
277 3625 392 3664 munus
404 3607 573 3663 obeundum
586 3606 762 3679 eligendum
775 3621 836 3661 esse
847 3605 1090 3662 existimaui-⁶
1115 3606 1171 3662 Pro
1188 3606 1234 3662 his
1253 3608 1382 3681 quinque

153 3699 251 3756 verbis
267 3699 342 3754 haec
358 3703 447 3752 antea
464 3695 572 3767 scripta
589 3701 683 3750 erant:
701 3710 757 3768 ego
770 3697 916 3768 praesens
932 3695 1092 3750 habiturus
1103 3712 1205 3752 essem.

203 3875 212 3911 ¹
250 3877 296 3931 Ex
319 3873 497 3930 adversariis
514 3871 741 3944 originalibuea
763 3871 882 3928 librario
904 3872 1042 3943 exaratis,
1056 3880 1121 3928 eta
1142 3874 1270 3929 Polunco
1292 3872 1381 3930 variis

153 3964 407 4024 emendationibus
420 3962 584 4034 castigatis,
596 3979 669 4034 quos
687 3960 793 4018 litteris
806 3961 913 4016 italicis
925 3960 1145 4034 distinguimus,
1158 3961 1189 4017 in
1206 3963 1320 4036 codice,
1333 3963 1381 4019 cui

150 4057 262 4113 titulus:
276 4053 408 4109 Decreta
420 4055 448 4107 et
461 4052 675 4107 instructiones
691 4063 825 4122 154073,
839 4049 890 4106 fol.
910 4048 955 4121 93.
970 4051 1004 4106 Iu
1018 4050 1161 4120 margine:
1173 4052 1236 4106 Pro
1250 4053 1305 4107 P.0
1319 4053 1380 4108 Na·

149 4145 204 4202 tati
214 4144 376 4200 visitatore
387 4143 421 4196 in
430 4141 604 4213 prouinciis
619 4139 815 4196 Germaniae.
830 4138 878 4194 Ad
891 4141 1012 4194 calcem:
1027 4141 1054 4194 A
1067 4141 1102 4195 di
1115 4155 1130 4210 3
1143 4141 1177 4195 di
1190 4141 1220 4194 X
1222 4142 1279 4195 ,ore
1296 4143 1380 4215 1566,

149 4253 207 4290 uua
219 4231 333 4300 simile,
345 4231 475 4286 mutatis
485 4229 654 4300 mutandis,
661 4227 705 4301 fu
723 4229 872 4283 mandata
888 4229 922 4282 al
940 4227 980 4283 P.
1002 4227 1113 4285 Natale
1130 4230 1180 4285 net
1198 4231 1309 4298 Rheno,
1323 4237 1379 4302 per

146 4323 254 4378 aieitar
268 4321 296 4376 le
308 4319 468 4392 prouincie
480 4319 515 4373 di
527 4317 662 4373 Francia
674 4320 703 4372 et
714 4316 899 4387 Aquitania.
914 4317 967 4372 111a
980 4319 1072 4372 verba
1082 4318 1209 4373 mutatis
1221 4322 1378 4374 mutandis

147 4410 263 4468 Potanci
277 4425 368 4464 manu
380 4406 481 4462 addite
494 4413 577 4461 sunt.

193 4505 205 4537 ¹
242 4499 306 4556 Cur
322 4497 436 4552 Natalis
459 4512 529 4568 prae
551 4493 617 4550 aliis
639 4491 859 4550 eiectusfuerit
877 4493 1003 4550 adhaec
1024 4493 1098 4550 tanti
1116 4495 1256 4552 momenti
1276 4497 1374 4553 munia

145 4586 290 4658 obeunda,
304 4584 460 4658 sequentia
473 4589 663 4638 monumenta
672 4582 956 4637 commonstrabunt.
971 4581 1004 4637 P.
1016 4580 1216 4638 Theodoricus
1226 4581 1373 4648 Canisius,

146 4677 260 4748 nollegii
286 4675 426 4746 Dilingae
450 4679 559 4736 rector,
584 4669 751 4744 praeposito
774 4668 907 4741 generali
933 4668 1091 4726 Societatie
1119 4670 1204 4742 Jeeu,
1229 4685 1261 4741 17
1286 4671 1375 4730 Octo·

280 4771 371 4818 Emi.
387 4771 419 4818 P.
433 4769 537 4826 tinum,
552 4779 611 4815 rore.
623 4766 670 4813 nt.
968 4776 971 4785 ·
1230 4771 1242 4815 1
