3414 5374
533 509 538 518 ‚
628 473 664 531 30
681 475 767 548 Juuu
787 475 857 546 157⁶
1260 487 1317 549 719

130 629 224 710 ciale,
241 628 408 715 speriamo
420 631 486 697 che
501 628 566 698 ella
580 630 708 697 hauerd
723 629 828 696 molto
843 629 1075 697 ricomandato
1087 639 1178 696 tutto
1193 630 1274 716 quel
1290 653 1355 700 ne-

131 745 222 832 gotio
234 745 266 810 al
279 764 343 811 suo
358 743 486 832 nuncio
502 743 537 811 di
552 753 683 812 cotesta
697 755 803 813 corte.
817 744 1078 832 Aspettiamone
1093 746 1241 831 qualque
1258 747 1355 814 buon

130 881 297 928 successo.
310 859 427 927 Piacia
439 881 459 926 a
470 859 537 927 Dio
549 859 732 929 benedetto
742 859 883 944 dercilo,
892 861 926 928 la
937 860 992 928 cui
1006 863 1137 930 Maesti
1147 882 1254 948 prego
1266 881 1334 930 con

133 975 240 1044 linuar
256 997 390 1062 sempre
409 997 430 1042 a
453 977 497 1043 V.
526 977 568 1043 R.
586 976 619 1044 la
638 997 702 1043 sua
723 987 821 1044 santa
848 976 959 1064 gratia
986 987 1021 1045 et
1043 976 1289 1045 benedittione.
1307 976 1354 1044 Di

134 1091 249 1171 Roma,
267 1091 324 1156 alli
340 1112 362 1178 9
377 1087 412 1156 di
423 1093 541 1179 Jugno
562 1091 658 1175 1576.

195 1206 291 1272 Tutti
321 1206 333 1272 i
360 1205 571 1292 procuratori
594 1205 792 1273 arriuorono
815 1206 889 1274 sani
909 1219 943 1273 et
967 1207 1054 1274 salui
1073 1229 1135 1294 per
1155 1207 1266 1294 gratia
1288 1207 1355 1275 Dio

131 1332 259 1389 eccetto
275 1321 389 1405 quello
410 1321 444 1387 di
465 1319 593 1390 Sicilia.
617 1321 696 1389 Con
717 1321 830 1407 quello
851 1321 885 1389 di
908 1321 1092 1391 Germania
1109 1321 1354 1390 scriueremoa

6 1445 7 1448 ’
131 1435 173 1502 V.
191 1439 231 1505 R.
251 1436 310 1524 piu
326 1438 551 1522 largamente.

700 1631 789 1693 ool

462 1759 502 1823 Ρ.
526 1757 835 1826 HIERONYMUS
857 1759 1022 1826 NADAL

371 1897 508 1954 PATRI
532 1898 782 1956 EVERARDO
808 1897 1114 1958 MERCURIANO

557 2037 677 2094 mian,
689 2023 725 2080 30
737 2036 817 2092 Juuu
831 2025 899 2094 1576
909 2025 929 2086 ¹.

135 2147 262 2220 Infirma
278 2149 379 2204 utitur
395 2149 580 2216 valetudino;
597 2149 694 2205 laetus
710 2153 810 2204 tamen
828 2153 857 2204 et
874 2149 1053 2214 consolatus,
1072 2150 1106 2204 in
1125 2148 1258 2204 Domino
1274 2152 1355 2218 spem

623 2255 711 2293 suum
731 2238 860 2309 reponit.

192 2364 293 2449 Jhus
313 2362 510 2429 Admodum
523 2362 608 2431 Rde.
623 2361 659 2428 in
671 2364 762 2449 Xpo.
779 2363 819 2428 Ρ.
834 2363 877 2429 N.
894 2364 967 2429 Par
979 2359 1118 2430 Christi.
1134 2361 1226 2429 Nihil
1243 2363 1356 2430 habeo

132 2475 187 2542 cui
201 2478 440 2564 respondeam,
454 2499 518 2545 nec
535 2487 587 2546 est
603 2477 694 2561 quod
712 2476 883 2576 replicem,
898 2497 987 2563 quae
1004 2487 1038 2546 et
1051 2479 1094 2544 ad
1107 2480 1148 2544 Ρ.
1164 2479 1205 2545 T.
1221 2477 1354 2563 scripsi,

133 2601 167 2657 et
180 2591 331 2673 Ximeni,
351 2593 393 2660 ad
411 2605 444 2662 te
459 2593 648 2661 reserenda.
668 2595 765 2658 Bono
787 2591 902 2659 animo
920 2602 955 2660 et
977 2592 1067 2660 laeto
1091 2615 1167 2659 sum
1192 2604 1356 2679 acceptu-

137 2728 192 2773 rus
208 2719 224 2750 ²
244 2730 305 2794 per
326 2706 455 2775 Christi
475 2707 619 2795 gratiam
635 2707 797 2794 quicquid
818 2728 879 2793 per
901 2718 936 2776 te
958 2707 1126 2776 Dominus
1141 2708 1176 2774 in
1195 2731 1251 2778 me
1271 2718 1306 2777 et
1321 2708 1356 2774 in

139 2823 252 2902 rebuS‚
262 2825 305 2890 de
317 2823 443 2908 quibus
455 2821 756 2909 ago,disposuen't.
768 2823 868 2889 Faxit
880 2823 1152 2908 Christus‚quod
1159 2845 1356 2911 persequor,

139 2946 175 3002 vt
189 2937 224 3006 id
240 2959 322 3006 vere
337 2937 451 3006 dicere
467 2937 593 3023 possim
610 2961 629 3006 e
644 2939 746 3006 corde
761 2957 849 3004 meo:
872 2939 965 3022 Quid
985 2939 1072 3006 milri
1091 2943 1140 3006 est
1156 2941 1194 3005 in
1217 2940 1314 3020 coelo,
1331 2946 1362 3004 et

139 3054 304 3139 sicquid
324 3053 416 3119 volui
434 3060 538 3139 super
559 3057 707 3118 terrum?
732 3053 870 3140 Defecit
885 3075 966 3120 coro
986 3060 1016 3119 et
1032 3076 1089 3120 cor
1115 3075 1239 3136 meum,
1264 3056 1362 3120 Deus

138 3168 250 3234 cordis
266 3169 335 3233 mei
349 3173 380 3232 et
390 3175 479 3254 pars
496 3188 570 3233 mea
580 3170 676 3234 Deus
689 3169 727 3232 iu
738 3173 926 3234 ueternum.
942 3168 1034 3234 Mihi
1048 3173 1160 3234 auum
1173 3169 1362 3234 adlzuerere

141 3283 210 3347 Deo
225 3284 349 3350 bonum
377 3289 434 3363 est,
457 3289 585 3368 ponere
600 3284 638 3348 in
661 3284 811 3349 Domino
836 3285 910 3349 Deo
924 3289 1017 3368 opem
1033 3304 1144 3348 meam
1161 3285 1186 3348 ’.
1213 3285 1286 3350 Ora
1300 3305 1362 3370 pro

138 3393 229 3489 [me,]
250 3399 266 3441 b
288 3401 401 3466 Pater.
428 3395 633 3466 Valetudine
659 3406 736 3464 vtor
761 3419 895 3483 semper
918 3396 1064 3464 infirma.
1092 3399 1166 3466 Nec
1189 3397 1312 3464 mirum
1333 3398 1361 3464 si

139 3513 451 3600 septuagenarium,
480 3516 725 3594 catarrhosum,
755 3513 941 3594 defessum,
968 3524 1035 3580 etc.
1066 3523 1198 3580 tentent
1224 3535 1279 3580 me
1305 3513 1362 3579 alii

141 3630 240 3699 etiam
253 3628 378 3709 morbi,
396 3627 493 3713 quasi
509 3649 551 3694 ex
571 3625 703 3694 insidiis
724 3627 939 3695 occasionem
955 3627 1105 3695 irruendi
1125 3629 1361 3696 obseruantes.

143 3746 209 3814 Sed
225 3755 341 3812 tamen
356 3743 409 3810 his
425 3743 546 3810 diebus
561 3742 759 3811 meliuscule
775 3744 896 3810 habeo.
920 3742 998 3809 Fuit
1019 3745 1185 3810 hactenus
1207 3743 1365 3810 turbidus

142 3866 210 3942 aer,
228 3869 264 3927 et
275 3858 414 3946 pluuius
429 3861 512 3928 fere·
531 3859 633 3925 Nunc
648 3858 784 3926 videtur
795 3858 838 3926 ad
850 3857 1066 3950 serenitatem
1079 3869 1243 3945 spectare.
1263 3861 1364 3926 Hanc

145 3974 268 4043 mentis
283 3986 317 4043 et
333 3973 445 4041 cordis
460 3975 518 4040 det
533 3972 632 4040 nobis
646 3971 814 4040 Dominus
828 3972 988 4053 lucidam,
1010 3974 1146 4054 laetam,
1169 3995 1311 4042 suauem
1328 3973 1363 4040 in

143 4088 246 4175 Xpo.,
265 4089 362 4155 cuius
377 4086 609 4156 misericordia
621 4098 656 4156 et
667 4087 792 4156 veritas
804 4098 983 4154 conseruet
995 4087 1159 4156 Societati
1174 4087 1365 4155 diutissime

143 4200 346 4271 incolumem
363 4207 403 4277 P.
423 4205 463 4270 T.
487 4203 531 4270 ad
547 4202 710 4271 maiorem
727 4202 869 4289 gloriam
890 4202 1037 4271 nominis
1057 4201 1123 4286 sui,
1146 4215 1181 4270 et
1200 4203 1363 4290 plurima·

191 4382 209 4416 ²
236 4372 376 4444 Sequitur
392 4389 460 4426 sum
477 4374 654 4444 accepturus
672 4370 778 4425 iterum
795 4369 936 4441 scriptum
954 4378 984 4426 et
1002 4368 1255 4427 obliteratum-b
1266 4369 1364 4430 Omis-

142 4475 206 4516 sum
219 4479 236 4516 a
248 4462 315 4517 libr.

144 4555 352 4569 -----

198 4598 207 4630 ¹
243 4595 288 4649 Ex
301 4595 470 4666 archetypo,
484 4591 514 4648 in
527 4593 623 4665 Epist.
637 4592 753 4661 Natat„
769 4591 808 4658 11,
821 4591 930 4664 duplici
943 4592 1004 4663 iol„
1017 4593 1069 4665 246
1081 4596 1167 4666 (174).

198 4686 209 4718 ¹
245 4683 298 4741 Ps.
312 4682 545 4752 LXX11,25,26‚
559 4681 603 4738 28.
