3456 5386
597 540 633 597 ²4
651 527 779 584 Annum
801 516 869 599 1566
1277 540 1309 598 71

145 679 241 761 (come
251 697 291 746 ue
301 678 334 744 lo
345 679 391 746 ho
402 677 600 766 significato
610 677 647 747 in
658 678 840 766 presentia)
854 681 993 749 andiate
1004 681 1111 748 molto
1124 689 1354 763 cantamente,

148 791 266 858 uoietli
280 792 400 874 nostri,
418 794 509 861 nella
525 793 734 875 familiarite,
751 805 786 861 et
802 796 859 864 nel
880 805 1021 864 trattare
1036 815 1102 863 con
1118 796 1151 862 le
1172 794 1357 864 Serenissi-

149 928 198 973 me
210 907 329 994 regine,
345 918 382 978 et
399 908 435 976 ui
450 908 605 990 ritiriate,
624 912 789 996 quantoe
809 911 989 997 possibile,
1007 910 1043 978 di
1058 932 1128 977 non
1148 909 1276 979 intrare
1291 931 1357 977 con

149 1043 215 1089 esse
227 1022 300 1090 nelli
312 1023 442 1110 negotij
456 1026 522 1091 che
533 1043 603 1090 non
617 1023 714 1092 siano
729 1025 773 1092 de
786 1026 1013 1106 confessione,
1031 1035 1066 1091 et
1083 1023 1304 1105 conscientia,
1322 1034 1358 1094 et

149 1135 244 1218 simili,
260 1141 321 1206 che
336 1158 407 1205 non
424 1149 659 1226 apartengono
674 1139 809 1226 proprie
829 1141 895 1208 alla
914 1139 1125 1227 professione
1146 1149 1274 1220 nostra,
1297 1160 1359 1226 per

149 1253 286 1320 schiuare
301 1264 335 1321 et
349 1253 500 1321 scusarsi
516 1265 636 1320 contro
651 1255 717 1322 alle
737 1254 919 1342 suspitioni
939 1265 974 1324 et
989 1253 1141 1342 opinioni
1160 1254 1194 1320 d'
1213 1255 1359 1321 alchune

148 1387 283 1451 persone.
301 1367 524 1436 Ricordateui
540 1390 638 1438 come
648 1370 682 1438 le
694 1379 810 1439 nostre
821 1369 1059 1438 constitutioni
1071 1367 1312 1456 prohibiscono
1325 1379 1361 1436 et

148 1483 292 1552 ordinario
306 1487 371 1552 che
391 1485 416 1552 li
436 1484 544 1551 nostri
565 1483 595 1552 si
615 1482 786 1572 guardino
807 1485 842 1551 di
861 1505 1054 1572 gouernare
1074 1484 1165 1553 done
1187 1483 1357 1570 religiose,

149 1596 233 1664 etiarn
247 1602 308 1668 che
324 1599 422 1668 siano
438 1598 528 1666 fuori
547 1598 628 1669 delli
649 1599 863 1686 monasterij,
880 1610 916 1668 et
936 1599 971 1666 di
987 1620 1056 1666 non
1079 1601 1198 1665 hauer'
1216 1618 1299 1664 cura
1321 1598 1356 1665 di

152 1734 222 1780 esse.
239 1716 279 1781 Et
290 1717 424 1782 benchri
439 1725 557 1782 nostro
569 1715 683 1782 Padre
694 1716 857 1802 generale
870 1714 962 1802 possi
974 1716 1162 1802 dispensar'
1177 1713 1213 1780 in
1225 1725 1359 1799 questo,

153 1835 247 1895 tomen
261 1831 284 1895 il
300 1841 415 1917 tempo
431 1831 463 1898 ci
477 1833 590 1898 sforza
604 1829 639 1896 di
655 1831 771 1898 andar'
786 1830 822 1896 in
835 1840 958 1917 questo
968 1831 1111 1918 negotio
1124 1852 1190 1897 con
1202 1829 1359 1916 grandis·

153 1941 221 2011 sima
233 1946 514 2028 consideratione,
532 1955 567 2014 et
584 1945 629 2012 mi
645 1947 688 2013 da
708 1946 887 2014 occasione
902 1945 937 2012 di
954 1945 1138 2014 consultar’
1157 1965 1225 2011 con
1241 1955 1360 2011 nostro

153 2061 256 2128 Padre.
273 2063 368 2128 Hora
383 2060 413 2128 si
429 2063 519 2130 uede
534 2071 632 2148 tropo
643 2070 772 2146 quanto
783 2062 816 2128 le
827 2062 922 2128 dette
933 2061 1053 2148 regine
1065 2060 1161 2128 siano
1172 2059 1287 2127 dedite
1298 2059 1356 2124 all'

152 2193 208 2240 una
220 2186 252 2242 et
266 2177 321 2243 all'
339 2177 425 2243 altra
443 2197 590 2262 persona
604 2173 683 2243 delli
699 2175 822 2256 nostri,
840 2175 1042 2244 mouendosi
1054 2186 1177 2261 troppo
1188 2195 1249 2261 per
1260 2175 1358 2258 qual-

150 2291 203 2356 che
217 2291 411 2360 mutatione.

204 2423 233 2471 2.
276 2407 360 2473 ltern
376 2405 492 2474 uorrei
507 2409 571 2473 che
587 2408 635 2474 V.
659 2409 700 2473 R.
721 2427 789 2472 non
805 2405 965 2473 domandi
981 2406 1025 2472 ne
1039 2403 1124 2491 pigli
1139 2403 1255 2472 niente
1271 2404 1360 2472 dalle

149 2520 229 2588 dette
248 2521 382 2608 regine,
404 2541 502 2589 come
522 2521 675 2608 presenti
695 2542 755 2607 per
776 2521 800 2586 li
821 2520 927 2587 nostri
948 2519 1097 2606 collegij,
1119 2517 1233 2585 insino
1254 2541 1274 2585 a
1295 2521 1360 2587 che

150 2636 311 2704 habbiamo
322 2639 355 2705 la
370 2637 518 2724 risposta
533 2638 578 2706 da
592 2639 712 2718 Roma,
730 2635 765 2704 di
786 2637 899 2722 quello
916 2638 971 2703 ch'
989 2635 1023 2702 io
1039 2634 1191 2702 scriuerd
1208 2655 1227 2700 a
1243 2649 1360 2702 nostro

152 2751 246 2820 Padre
260 2773 319 2838 per
341 2751 427 2819 darii
447 2754 563 2819 buona
584 2750 822 2819 informatione
842 2751 899 2818 del
919 2760 1020 2817 tutt0.
1045 2753 1137 2817 Pure
1156 2770 1217 2835 per
1236 2759 1359 2834 questo

151 2886 208 2932 non
220 2866 356 2934 intendo
368 2869 434 2936 che
447 2867 588 2936 lasciate
603 2867 647 2934 de
671 2866 813 2952 pigliare
829 2866 943 2952 quello
958 2867 1023 2932 che
1039 2864 1129 2932 forse
1145 2867 1221 2930 sarri
1237 2885 1360 2932 neces-

151 2981 269 3048 sarioal
284 2985 325 3050 P.
342 2981 493 3062 Liberi0,
507 2992 542 3050 et
559 2981 659 3048 simili
681 2981 816 3048 amalati
831 2981 888 3050 del
904 2989 1020 3048 vostro
1041 2978 1199 3065 collegio,
1219 2979 1358 3064 quando

150 3094 176 3162 le
188 3097 252 3163 loro
264 3099 405 3166 Altezze
416 3119 477 3184 per
488 3119 552 3164 sua
563 3097 695 3164 charita
705 3096 833 3164 darano
845 3096 991 3164 alchuna
1002 3116 1095 3174 cosa,
1110 3095 1245 3162 benche
1260 3113 1358 3160 come

150 3211 215 3277 nell'
230 3213 313 3280 altra
326 3214 449 3282 lettera
464 3211 500 3278 ui
516 3212 594 3279 dico
609 3215 632 3294 ¹,
650 3214 683 3278 la
698 3231 815 3298 spessa
831 3213 895 3279 che
911 3211 982 3277 farai
998 3208 1059 3291 lui,
1077 3210 1229 3295 pagherd
1245 3207 1358 3276 Dilin·

150 3345 196 3411 ga.
212 3329 251 3394 Et
265 3328 320 3396 uoi
336 3327 424 3397 siate
438 3327 558 3408 liber0,
577 3327 702 3408 Padre,
716 3327 749 3392 d'
768 3325 952 3394 informare
963 3347 983 3392 a
995 3335 1112 3392 nostro
1125 3324 1235 3391 Padre
1247 3344 1356 3410 gene-

150 3442 207 3510 rale
226 3443 258 3508 di
279 3454 400 3530 queste
421 3443 491 3511 due
517 3463 597 3508 cose
620 3443 675 3507 ch'
698 3441 732 3508 io
754 3440 788 3506 ui
809 3439 898 3520 dico,
920 3461 1020 3525 sopra
1040 3440 1072 3507 le
1093 3437 1184 3524 quali
1207 3438 1358 3504 seriuerd

152 3557 210 3625 aS.
228 3561 265 3625 P.
278 3569 400 3646 questo
412 3560 555 3626 sabbato
567 3557 593 3639 ’3
608 3555 678 3625 fate
690 3555 747 3622 uoi
759 3555 782 3621 il
798 3554 920 3636 simile,
935 3553 1030 3621 aecio
1042 3553 1212 3641 possiamo
1228 3553 1252 3619 il
1267 3563 1359 3619 tutto

154 3672 211 3741 fare
229 3695 291 3742 con
314 3673 486 3761 maggior’
504 3674 596 3740 lume
616 3682 651 3740 et
672 3672 828 3756 seldezza
850 3691 871 3736 a
897 3668 1056 3756 maggior
1079 3668 1188 3755 gloria
1208 3669 1241 3734 d’
1265 3665 1359 3734 iddio

154 3799 253 3856 nostro
267 3789 425 3876 Signore.
444 3789 517 3857 Sua
531 3787 649 3854 diuina
669 3788 799 3855 Maesti
820 3784 853 3852 ci
871 3783 927 3851 dia
946 3785 979 3852 la
1000 3805 1082 3852 uera
1101 3782 1298 3868 prudentia,
1324 3793 1358 3848 et

152 3903 251 3971 debito
265 3906 339 3974 zelo
354 3903 388 3970 di
404 3905 600 3971 conseruar'
618 3903 651 3969 la
667 3901 779 3987 puritd
793 3901 849 3970 del
865 3911 983 3967 nostro
998 3897 1167 3965 instituto

206 4039 234 4104 3.
280 4023 414 4106 Queste
428 4039 509 4086 cose
525 4017 660 4087 escriuo
675 4039 735 4104 per
750 4015 920 4084 occasion'
934 4016 968 4080 d’
983 4014 1130 4080 alchune
1146 4015 1210 4080 che
1221 4013 1267 4077 ho
1279 4032 1358 4079 sen·

152 4129 203 4199 tito
212 4137 359 4204 hauerne
373 4145 513 4202 trattato
524 4146 559 4203 et
571 4133 752 4222 ragionato
763 4152 908 4220 persone
924 4129 1047 4219 grandi
1063 4128 1099 4196 in
1115 4138 1235 4216 questa
1250 4138 1357 4208 corte3

153 4246 332 4259 *—

150 4285 276 4359 inllpirt.
291 4286 417 4356 Notul.,
430 4287 468 4355 11,
484 4285 572 4342 unico
585 4286 656 4358 iol.·,
672 4270 723 4357 11¹9
736 4287 828 4356 (502).
845 4282 993 4354 Quoniam
1005 4279 1093 4354 hujus
1106 4279 1248 4353 epistolae
1261 4295 1359 4334 exem·

149 4371 215 4440 plum
226 4375 415 4448 archetypum
427 4372 527 4430 Dirsio
539 4373 641 4430 datum
654 4371 721 4438 ruit,
741 4373 836 4428 solum
855 4377 961 4442 restat,
971 4369 1050 4443 quod
1063 4367 1199 4440 sciamus,
1215 4367 1347 4422 authenti

150 4469 435 4536 mumsumptum,
451 4463 537 4534 jussu
555 4461 668 4517 Natalis
687 4469 849 4518 exaratum.
868 4458 944 4515 lllud
961 4459 1009 4514 hic
1022 4456 1208 4513 exhibemus.
1231 4453 1359 4522 Titulus,

153 4549 241 4606 eadem
252 4569 336 4608 manu
349 4551 434 4609 initio
447 4551 575 4624 positus:
589 4549 680 4624 Jlrus.
702 4549 797 4624 Copia
815 4551 845 4606 α’
865 4567 929 4604 una
943 4549 1086 4622 pondata
1098 4545 1132 4601 al
1149 4535 1191 4600 P.'
1210 4545 1327 4613 Dirsio,
1341 4561 1362 4598 rr

157 4649 187 4704 ²4
197 4640 223 4692 δ’
235 4641 335 4712 Aprile
348 4641 431 4710 1566.
447 4639 523 4696 Vide
536 4639 627 4712 epist.
644 4637 708 4707 380,
721 4657 755 4696 n.
772 4650 800 4709 73
815 4645 846 4693 et
858 4637 987 4710 append.
1003 4635 1127 4705 XXXV,
1141 4641 1172 4689 et
1183 4633 1276 4688 LXV.

203 4731 210 4762 ’
244 4729 301 4786 Has
312 4731 426 4788 litteras
440 4729 561 4786 minime
571 4727 714 4784 vidimus.
843 4729 855 4762 ²
893 4725 969 4783 Vide
982 4725 1073 4798 epist.
1091 4722 1155 4793 380,
1168 4740 1202 4779 n.
1220 4733 1250 4790 7.
