3494 5392
505 509 698 567 Paoorunuu
717 522 824 566 1611111
841 522 1012 568 1616111116
1282 525 1337 568 xru

146 659 306 726 tutionem
321 661 426 729 valde
443 664 592 748 urgebat
607 663 784 744 Costerus3
802 662 934 730 Natalis
946 673 1061 733 autem
1077 662 1192 752 potius
1208 663 1372 733 differen-

144 783 216 850 dam
231 786 412 868 censebat,
430 798 469 853 ut
484 786 616 854 firmius
631 786 836 854 consolidari
851 797 967 874 posset
987 789 1077 875 (253,
1096 803 1174 872 254,
1193 804 1270 872 561,
1290 805 1367 873 562,

146 925 216 994 519,
233 911 324 996 526).
338 909 606 998 Antverpiensis
621 910 758 998 collegii
770 910 877 992 initia,
896 911 1008 980 missis
1024 911 1105 979 illuc
1120 911 1256 980 selectis
1270 911 1365 993 viris,

146 1045 387 1119 praeparantur
407 1035 584 1123 (535-538,
604 1051 681 1120 554,
700 1035 789 1125 593).
814 1035 1042 1104 Provincialia
1064 1036 1215 1118 comitia,
1241 1037 1370 1124 praesi-

142 1158 236 1226 dente
252 1159 422 1240 Coster0,
445 1170 480 1228 et
500 1160 806 1247 superintendente
821 1159 949 1242 Natali,
967 1161 1110 1230 Lovanii
1132 1163 1316 1250 habentur,
1335 1160 1370 1228 in

143 1281 241 1367 iisque
263 1283 527 1352 Maximilianus
555 1307 576 1350 a
604 1286 746 1372 Capella
762 1297 965 1372 procurator
986 1285 1126 1373 eligitur
1141 1286 1245 1373 (564).
1265 1287 1370 1356 Plura

142 1406 279 1493 denique
306 1411 484 1476 habentur
510 1410 548 1476 in
575 1411 642 1478 hoc
664 1410 764 1493 libro,
789 1421 862 1478 tum
889 1413 932 1480 de
960 1410 1156 1479 tornacensi
1184 1411 1370 1498 collegioa

141 1533 261 1618 geusiis
271 1545 415 1602 vastato
427 1536 514 1623 (251)
528 1546 563 1605 et
575 1538 642 1604 hac
654 1536 834 1606 occasione
845 1535 987 1604 solidius
1000 1535 1174 1603 fundando
1187 1536 1288 1624 (499),
1297 1547 1369 1606 tum

140 1659 178 1724 de
188 1659 374 1727 duacensis
389 1660 528 1747 collegii
545 1660 764 1728 incunabulis
785 1663 877 1748 (560,
897 1675 974 1744 572,
993 1661 1157 1745 583-586,
1175 1661 1252 1742 666,
1276 1662 1366 1748 667),

144 1791 207 1846 tum
225 1782 270 1848 de
290 1783 488 1850 dionantini
508 1783 768 1851 difficultatibus
790 1785 896 1872 (562),
914 1784 1026 1868 deque
1044 1783 1159 1852 multis
1174 1783 1261 1866 61116,
1279 1805 1368 1869 quae

143 1907 190 1973 hic
208 1908 414 1996 singillatim
430 1910 590 1997 persequi
606 1933 675 1978 non
690 1925 802 1978 vacat.
914 1961 917 1968 .

199 2035 296 2101 Duas
322 2035 464 2102 tandem
486 2036 655 2104 Ganmaa
675 2034 882 2121 provincias,
905 2044 1071 2119 quantum
1090 2033 1247 2120 publicae
1268 2035 1368 2122 regni

142 2157 412 2241 perturbationes
424 2159 609 2245 fragorque
620 2159 788 2228 bellorum
799 2159 1027 2246 pertulerunt,
1042 2157 1157 2225 multis
1171 2168 1284 2226 tamen
1295 2159 1367 2226 col·
1458 2235 1463 2242 ⁸

141 2279 227 2365 legiis
242 2281 511 2368 praetermissis,
530 2281 662 2349 Natalis
677 2281 909 2368 perlustravit,
927 2305 948 2348 a
960 2281 1019 2350 die
1034 2280 1175 2370 15Junii
1187 2281 1268 2350 anni
1282 2283 1366 2366 1568

139 2405 178 2468 ad
191 2423 227 2487 31
246 2405 409 2493 Augusti
424 2406 579 2490 ejusdem
595 2405 688 2474 anni.
707 2407 751 2472 Et
767 2416 861 2475 certe
877 2416 929 2473 tot
943 2405 1161 2474 difficultates
1177 2405 1212 2472 in
1225 2405 1266 2472 iis
1278 2416 1367 2474 tem-

142 2549 249 2614 porum
265 2529 443 2615 adjunctis
459 2551 480 2596 a
495 2529 597 2598 sociis
617 2531 831 2616 superandae
851 2542 961 2614 erant,
984 2540 1022 2596 ut
1043 2529 1173 2598 Natalis
1195 2529 1366 2618 inspectio

141 2655 327 2722 necessaria
337 2676 479 2742 prorsus
491 2653 754 2736 existimaretur,
769 2654 912 2741 ejusque
924 2656 1094 2723 adventus
1104 2675 1238 2722 summo
1251 2653 1366 2722 studio

141 2777 399 2861 desideraretur3
425 2801 505 2846 nam
526 2779 759 2867 operariorum
785 2779 933 2866 inopiae,
962 2778 1160 2867 praesertim
1187 2777 1364 2846 hominum

143 2905 290 2991 regimini
308 2904 524 2986 idoneorum,
542 2905 685 2991 aliisque
704 2905 967 2974 necessitatibus
988 2928 1049 2994 per
1073 2905 1170 2972 illum
1189 2904 1364 2972 subveniri

142 3049 231 3114 posse
249 3032 458 3118 sperabatur
478 3031 568 3117 (577,
592 3032 669 3114 578,
693 3046 770 3119 596,
793 3033 872 3114 665,
901 3030 990 3117 808).
1020 3029 1192 3098 Edmundi
1215 3029 1363 3116 'Augerii

141 3157 305 3242 praeclara
321 3166 421 3244 gesta
437 3165 653 3236 enarrantur,
670 3155 730 3240 qui
745 3155 962 3242 gratissimus
978 3167 1051 3225 erat
1066 3155 1218 3243 reginae,
1233 3154 1361 3242 prinei·

140 3275 230 3362 pibus
243 3292 280 3348 et
297 3279 530 3347 cardinalibus
551 3278 724 3347 Borbonio
745 3289 779 3347 et
800 3279 1026 3367 Lotharingio
1052 3281 1152 3370 (609).
1182 3278 1362 3348 Maidona-

141 3409 204 3467 tum
229 3415 365 3486 autem,
398 3402 625 3471 clarissimum
655 3403 850 3490 parisiensis
879 3402 1075 3473 academiae
1106 3413 1357 3483 ornamentum,

141 3545 231 3610 quem
247 3527 441 3596 Lovanium
462 3527 637 3595 transferri
657 3529 874 3614 exoptabant,
892 3539 996 3614 atque
1011 3531 1097 3596 adeo
1116 3528 1358 3615 procurabant,

143 3653 289 3719 nonnulli
309 3651 457 3739 hispani,
480 3673 550 3720 non
570 3653 681 3720 solum
701 3652 839 3722 Lutetia
860 3653 1012 3721 amoveri
1031 3651 1208 3740 impedivit
1227 3651 1360 3719 Natalis

143 3776 221 3861 (612,
242 3779 337 3864 615);
359 3779 421 3847 6611
442 3778 545 3846 etiam
564 3779 672 3844 altero
696 3777 918 3846 selectissimo
942 3779 1103 3865 theologo
1127 3777 1219 3844 illam
1238 3777 1358 3844 urbem

143 3902 240 3972 dotari
256 3905 457 3993 procuravit
472 3905 572 3992 (620).
590 3904 768 3975 Sociorum
783 3904 1019 3992 parisiensium
1038 3915 1180 3990 aspectu
1200 3903 1358 3976 consola-

144 4035 201 4111 tus,
217 4051 314 4118 spem
330 4051 492 4118 magnam
507 4029 598 4096 illius
621 4029 757 4117 collegii
779 4028 927 4116 concipit
947 4028 1046 4117 (626).
1063 4029 1270 4111 Virdunum,
1289 4030 1357 4097 fer-

143 4165 232 4224 vente
243 4166 387 4236 aestate,
398 4176 477 4222 cum
486 4154 646 4242 episcopo
653 4154 892 4242 proficiscitur,
902 4153 1084 4241 collegium
1095 4152 1223 4234 invisit,
1235 4155 1358 4220 fratres

143 4277 289 4359 pestifero
314 4277 479 4366 contagio
506 4278 638 4365 eripere
657 4289 692 4346 et
713 4277 779 4346 alio
802 4281 985 4346 transferre
1006 4277 1133 4365 satagit
1154 4278 1243 4366 (621,
1267 4277 1355 4364 622).

140 4399 388 4472 Camberiacum
400 4414 498 4472 66116
514 4403 668 4491 Augusti
684 4402 835 4491 attingit,
850 4403 1034 4492 collegium
1050 4402 1199 4490 inspicit,
1216 4403 1319 4473 aedes
1335 4426 1356 4472 a

143 4526 233 4594 sociis
253 4527 463 4596 inhabitatas
484 4539 554 4596 tam
575 4526 811 4597 incommodas
832 4527 970 4615 reperit,
988 4539 1027 4596 ut
1042 4529 1108 4596 alio
1123 4549 1264 4615 prorsus
1279 4526 1360 4594 11166·

145 4654 385 4722 transferendos
411 4663 552 4723 censeat
574 4655 665 4742 (627,
688 4654 777 4740 628).
800 4654 884 4722 Inde
904 4654 1116 4741 Lugdunum
1142 4675 1190 4722 se.
1207 4652 1352 4733 confert,
